2028 3230
361 891 654 953 LATIN
710 891 1395 952 HEXAMETERS.

474 1086 503 1105 “
517 1085 664 1124 Tantae
683 1084 847 1137 pietatis
867 1082 1295 1136 imago.’'—V1RG1L.

166 1249 392 1310 JAMQUE
418 1248 524 1298 dies
549 1249 771 1312 alterque
797 1247 904 1297 dies
929 1256 1236 1311 processerat
1260 1246 1356 1296 illis

165 1329 395 1379 Asturios
418 1330 547 1379 intra
569 1332 707 1390 fines,
736 1339 785 1379 et
810 1339 968 1379 castra
991 1331 1214 1378 locarant

166 1411 330 1460 Mauri
354 1411 455 1460 illic
478 1411 624 1460 silvas
648 1411 775 1460 inter
798 1412 1099 1473 dumetaque
1123 1409 1307 1459 montis

166 1495 227 1542 In
251 1494 416 1542 latere.
492 1494 567 1542 Ut
595 1492 726 1541 circa
748 1493 916 1541 lumen
942 1492 1278 1541 crescentibus
1302 1491 1488 1540 umbris

166 1574 428 1635 Emorstur,
455 1574 549 1623 rari
572 1575 808 1638 praeclara
831 1575 941 1623 luce
964 1574 1218 1623 micabant

163 1659 312 1720 Ignes
336 1673 425 1720 per
447 1672 625 1717 ramos,
653 1672 898 1719 supraque
921 1655 1175 1704 volumina
1199 1655 1318 1703 fumi

161 1737 403 1802 Undique
427 1739 704 1787 fundebant
730 1754 851 1798 sese,
877 1737 1184 1799 maculisque
1210 1738 1428 1786 colorem

162 1821 440 1870 Caeruleum
463 1819 573 1868 caeli
596 1820 867 1868 foedabant.
943 1819 1191 1869 Omnibus
1215 1836 1317 1868 una

159 1901 238 1950 Fit
263 1901 429 1951 subito
452 1901 647 1965 requies
672 1918 892 1965 operum,
918 1918 1037 1950 mox
1059 1901 1280 1964 undique
1305 1902 1460 1950 turbae

158 1984 496 2048 Conpressum
520 2001 752 2044 murmur,
779 1982 1050 2047 castrisque
1075 1983 1269 2033 silentia
1291 1993 1513 2048 regnant,

158 2067 291 2114 Dum
316 2081 481 2129 praeco
506 2065 696 2115 sonitus
722 2064 931 2114 effundit
955 2064 1156 2114 nuntius
1180 2066 1321 2125 altos,

156 2146 425 2197 Gramineo
450 2163 478 2197 e
502 2148 695 2196 tumulo
721 2148 941 2195 clamans
966 2148 1256 2210 populoque
1281 2148 1469 2210 precari

156 2229 388 2291 Imperat,
415 2237 465 2278 et
488 2245 672 2278 nomen
697 2238 923 2277 sanctum
948 2237 1022 2278 ter
1044 2245 1169 2277 voce
1194 2244 1376 2277 sonora

156 2308 410 2372 Exprimit.
486 2314 515 2336 ‘⁴
532 2313 648 2374 Ipse
674 2312 813 2360 Deus
837 2309 963 2374 regit
987 2311 1160 2359 orbem
1184 2309 1388 2359 numine
1415 2311 1562 2368 solus,

155 2392 273 2453 Ipse
299 2391 481 2452 Deus,’'
506 2393 702 2452 clamat,
732 2395 760 2418 “
778 2393 912 2440 solus
961 2392 1370 2455 Mahumedaque
1394 2400 1531 2439 vates

155 2470 234 2520 Illi
257 2490 267 2521 :
302 2488 492 2535 vosque
515 2475 731 2536 preces‚''
756 2473 912 2534 iterat,
944 2477 1078 2523 “vos
1103 2475 1275 2523 tollere
1300 2489 1483 2536 pronos

150 2554 263 2616 Jam
288 2552 434 2602 decet
456 2557 466 2602 1
514 2556 631 2617 Ipse
657 2557 796 2604 Deus
819 2555 943 2619 regit
967 2557 1141 2604 orbem
1166 2555 1368 2604 numine
1394 2556 1570 2603 solus.'’

151 2634 295 2684 Talia
316 2651 442 2683 voce
465 2636 610 2685 refert
634 2635 780 2685 solito
806 2637 869 2686 de
893 2653 1030 2686 more
1055 2637 1265 2697 locutus,

151 2715 358 2765 Miscuit
382 2725 432 2765 et
456 2733 647 2765 sacrum
672 2719 911 2767 scelerato
935 2718 1139 2767 nomine
1166 2720 1361 2767 Verum.

151 2796 392 2861 Undique
413 2798 516 2861 jam
541 2797 671 2847 circa
693 2807 934 2849 montano
958 2801 1102 2849 turba
1126 2801 1314 2847 lavatur
