2028 3230
924 234 1016 284 139

579 975 904 1037 GREEK
961 974 1360 1036 IAMBICS.

324 1191 439 1242 ΕΔ.
481 1187 592 1242 Καὶ
616 1188 722 1255 μὴν
746 1187 884 1255 ἅναξ
906 1186 980 1240 ὅδ’
1006 1188 1163 1243 αὐτὸς
1191 1185 1406 1260 ἔρχεται
1432 1188 1604 1246 πέλας

252 1272 594 1342 ἐρυθριῶντος
618 1271 817 1325 “Ηλιόυ
840 1269 994 1343 χόλῳ
1022 1268 1188 1334 δίκην,

253 1356 311 1409 ἐκ
337 1360 430 1424 τῆς
454 1354 628 1411 Ἐώας
654 1354 774 1408 εὖτε
798 1354 1159 1424 παμφλέκτου
1184 1354 1360 1417 πύλης

253 1439 437 1511 φανεὶς
462 1440 652 1491 ὄπωπε
677 1435 887 1509 φθονέρ’
916 1434 1298 1504 ἀπαμβλύνειν
1323 1434 1454 1507 νέφη

252 1522 526 1587 μέλλοντα
551 1520 762 1591 φέγγος,
792 1519 881 1572 καὶ
906 1522 1117 1592 τροχῶν
1142 1517 1382 1590 χραίνειν
1405 1518 1593 1582 βάσιν,

255 1604 423 1662 ἰόντος
446 1604 546 1672 ἤδη
571 1605 669 1670 τὴν
692 1602 826 1675 πρὸς
853 1602 1088 1671 ἑσπέραν
1114 1599 1250 1655 ὁδόν.

254 1688 427 1743 καίτοι
452 1687 703 1758 τύραννος
729 1686 914 1754 ὥσπερ
943 1686 1159 1757 εἰσορᾶν
1184 1685 1396 1754 πρέπει·

255 1770 367 1826 ἰδοῦ
389 1771 495 1844 ’γὰρ
522 1770 634 1824 οἷον
658 1769 870 1840 ὄμμαθ’,
899 1768 1085 1840 ὥσπερ
1112 1768 1305 1828 αἰετοῦ,

255 1854 541 1924 φλέγοντα,
568 1854 941 1920 παντόσεμνον
966 1851 1270 1921 ἀστράπτει
1296 1850 1479 1908 σέλας.

255 1941 372 2007 φεῦ,
399 1940 515 2008 φεῦ·

257 2020 464 2092 θρηνεῖν
487 2020 737 2090 πάρεστι,
766 2017 840 2085 μὴ
865 2017 971 2089 «γὰρ
997 2016 1206 2088 ὤφελέν
1230 2038 1364 2070 ποτε

256 2104 419 2156 κακὸν
443 2101 663 2157 τοιᾶσδε
688 2101 1007 2174 προσθιὙεῖν
1033 2122 1084 2153 τι
1111 2104 1396 2167 καλλονῆς.

330 2270 476 2322 ΡΙΧ.
534 2271 670 2341 Εχει
695 2290 760 2333 με
787 2267 1013 2334 θάμβος,
1041 2265 1130 2319 καὶ
1155 2265 1333 2319 πάλαι
1359 2264 1686 2320 καθίσταιιιῑι

259 2354 432 2421 τηρῶν
457 2373 522 2404 σε
547 2351 788 2422 κάμψεις
815 2351 963 2423 εἴπερ
991 2351 1210 2412 εὐσεβὲς
1236 2349 1365 2416 «γόνυ

259 2436 335 2507 τῷ
359 2434 422 2500 δὴ
449 2434 690 2488 δοκοῦντι
717 2437 817 2488 σοῦ
843 2435 1177 2504 τυραννεύειν
1204 2431 1338 2502 δίκῃ·

260 2518 308 2572 εἰ
332 2517 375 2571 δ’
403 2518 520 2570 ἐστὶ
546 2521 718 2581 τοῦτο,
747 2519 859 2575 πῶς
887 2514 1116 2588 παρόντι
1139 2538 1230 2582 μοι
1257 2516 1317 2569 τὸ
1343 2514 1417 2581 μὴ

259 2603 450 2668 μοῖραν
474 2601 669 2670 παρίης
694 2599 790 2666 τὴν
815 2599 1200 2669 προσήκουσαν
1226 2598 1413 2664 νέμειν·

261 2684 309 2738 εἰ
333 2682 375 2736 δ’
404 2683 552 2737 ἐστὶν
578 2683 773 2743 ἄλλως,
802 2684 880 2739 τίς
904 2680 1027 2736 ποτ’
1055 2681 1113 2733 ἐκ
1140 2681 1272 2734 θεῶν
1297 2683 1438 2751 τύχη

262 2765 342 2835 ἔμ’
370 2764 676 2832 ἐκβέβληκε
701 2763 865 2832 τῆσδε
890 2769 983 2832 τῆς
1008 2763 1379 2836 σκηπτουχίας
1400 2785 1417 2823 ;
