2028 3230
466 861 793 923 GREEK
855 860 1257 921 IAMBICS.

225 1080 441 1134 BOTP.
480 1081 757 1134 Δοκοῦντα
806 1078 895 1133 σοὶ
944 1077 1121 1148 λένγοις
1170 1077 1251 1137 ἂν,
1307 1076 1424 1130 οὐδὲ
1473 1076 1580 1149 χρὴ

297 1184 524 1235 μακραν.

227 1329 465 1383 ΠΟΤΚ.
504 1327 640 1388 Τοὺς
675 1328 1080 1400 καλλικάρπους
1121 1327 1304 1400 εἰσόρα
1344 1330 1437 1394 τῆς
1478 1347 1581 1378 πα-

298 1412 473 1482 τρίδος

154 1493 362 1564 ἀγροὺς,
389 1495 576 1552 πόλεις
600 1516 659 1549 τε
683 1496 881 1561 νηλεῶς
905 1492 1270 1565 πορθουμένας

155 1578 362 1651 ἐχθρῶν
385 1578 640 1633 ἀνοίκτων
666 1578 883 1651 ὀλεθρία
908 1577 1186 1648 διαφθορᾷ.

154 1661 358 1735 βρέφος
383 1661 426 1715 δ’
453 1662 614 1717 ὁποῖα
637 1662 940 1731 πάντρομος
965 1660 1138 1731 μήτηρ
1162 1660 1362 1726 βλέπει

157 1746 478 1813 θνήσκοντος
503 1745 606 1800 εὖτ’
634 1745 700 1799 ἂν
725 1745 821 1813 νὺξ
844 1743 925 1799 ἐπ’
954 1744 1254 1815 ὀφθαλμοῖς
1279 1742 1436 1812 πέσῃ,

154 1833 248 1896 Τῆς
273 1833 372 1897 σῆς
396 1829 646 1903 πατρῴας
672 1828 871 1882 εἰσίδου
896 1827 1053 1881 νόσον
1077 1825 1284 1900 χθονός.

155 1914 316 1979 αὐτῆς
341 1934 398 1966 τε
424 1911 679 1984 τραύματ’
706 1911 944 1980 οὐδαμῶς
968 1909 1132 1983 φύσιν
1157 1911 1295 1963 κάτα

156 1996 192 2048 ἃ
216 1995 407 2068 χερσὶν
431 1996 710 2050 ἀθλίαισιν
735 1994 991 2064 ἐμβαλὼν
1016 1993 1170 2066 ἔχεις.

157 2079 254 2133 οὐκ
278 2079 328 2136 ἐς
354 2078 569 2152 φθόρον,
598 2079 834 2139 κάκιστε,
865 2076 1004 2133 τοῦδ’
1031 2075 1206 2143 ἀκμὴν
1231 2075 1414 2147 ξίφους

157 2161 366 2230 τρέπων
391 2163 640 2234 ἐπαρκεῖν
664 2166 774 2219 τοῖς
801 2163 1127 2231 ἐπαρκοῦσιν
1154 2160 1324 2218 θέλεις

157 2244 369 2317 ἐχθροῖς
394 2267 452 2300 τε
476 2249 690 2313 μᾶλλον
714 2245 747 2314 ἢ
775 2244 954 2316 φίλοις
979 2243 1157 2298 δοῦναι
1181 2243 1438 2309 βλάβην;

78 2328 82 2332 ’
158 2327 231 2385 εἷς
255 2327 358 2398 ’γὰρ
386 2329 700 2397 σταλανγμὸς
725 2327 979 2398 πατρίδος
1005 2329 1064 2381 ἐκ
1089 2326 1297 2380 κόλπου
1321 2324 1519 2380 πεσὼν.

158 2413 371 2477 μᾶλλον
394 2410 582 2479 *γένοιτ’
610 2411 690 2471 ἂν,
721 2411 849 2469 ἴσθι,
879 2410 967 2464 σοὶ
992 2408 1272 2482 δακρυτέος

158 2492 360 2562 ἀνδρῶν
386 2493 599 2548 ὀθνείων
622 2494 897 2568 ῥευμάτων
921 2496 1145 2547 πολλῶν
1168 2493 1384 2563 βρότου.

158 2575 292 2647 πρὸς
317 2581 488 2632 ταῦτα
513 2578 713 2632 κλαίων
738 2578 903 2647 ἀξίοις
930 2576 1275 2646 δακρύμασιν,

159 2659 404 2731 ἄψορρον
423 2659 565 2733 ἕρπε,
594 2660 682 2713 καὶ
706 2660 811 2734 «γὰρ
838 2661 933 2715 οὐκ
958 2661 1140 2717 ἄλλως
1167 2681 1230 2711 σε
1256 2657 1362 2730 χρὴ

158 2746 252 2809 τῆς
277 2746 376 2809 σῆς
402 2743 671 2814 καθαίρειν
695 2742 949 2814 πατρίδος
974 2742 1272 2810 μιάσματα.

163 2832 259 2875 ss
277 2849 336 2887 Γ
1288 2840 1315 2871 Β
