2028 3230
724 211 885 246 LATIN
922 211 1184 246 ELEG1Acs,
1614 209 1675 260 79

243 335 392 384 Heu!
429 331 612 383 cecidit
634 331 881 396 princepS‚
906 333 1140 395 belloque
1166 330 1372 395 insignis
1398 339 1448 380 et
1472 330 1633 391 armis,

311 416 641 478 Membraque
664 414 951 467 vulneribus
976 413 1214 462 dilaniata
1234 415 1404 476 jacent
1422 430 1436 474 ς

242 487 352 547 Nec
376 496 461 546 tali
485 504 724 545 contenta
748 505 916 544 tamen
940 512 1064 544 nece
1089 496 1203 555 fata,
1231 495 1319 543 sed
1344 493 1450 557 ipse

310 580 423 629 Rex
447 578 594 627 cadet
617 577 670 626 in
693 578 897 627 madida
922 577 1328 642 sanguinolentus
1353 577 1518 625 humo.

241 742 390 790 Illum
414 750 589 790 maesta
613 740 698 790 diu
722 738 938 803 plorabit
964 738 1211 789 Hibernia
1234 740 1537 802 ademptum,

310 822 407 873 Cui
432 821 604 872 similis
628 838 779 871 nemo
805 821 1190 885 conspiciendus
1216 820 1336 882 erit3

241 905 424 954 Maesta
448 903 533 953 diu
557 903 705 953 misto
730 905 904 953 referet
929 903 1012 967 pia
1035 903 1255 952 carmina
1275 903 1407 963 fletu,

308 985 543 1037 Carmina
566 1002 671 1036 non
694 986 798 1035 ullo
823 985 1105 1049 deperitura
1129 985 1211 1035 die
1234 987 1245 1034 Ξ

239 1149 480 1214 Undique
505 1151 728 1200 funestus
753 1166 986 1214 campum
1012 1166 1158 1213 super
1181 1148 1362 1213 ingruit
1386 1149 1571 1210 horror,

308 1233 429 1295 Ipsa
451 1233 573 1281 latet
597 1231 750 1281 caedis
774 1231 979 1281 condita
1002 1233 1135 1280 nube
1162 1230 1268 1280 dies
1288 1249 1303 1292 3

237 1312 432 1374 Texite‚
457 1330 721 1377 germanae,
748 1312 834 1362 leti
859 1312 1108 1362 contexite
1133 1314 1298 1373 telam,

304 1394 485 1455 Sistite,
510 1411 772 1459 germanae,
800 1393 969 1454 sistite,
998 1393 1138 1443 sistat
1163 1410 1289 1458 opus
1311 1396 1321 1445 l

237 1558 383 1608 Salve
408 1573 535 1621 opus
561 1573 592 1606 o
616 1573 866 1620 magnum,
893 1573 983 1606 vos
1009 1566 1059 1606 et
1084 1557 1268 1606 salvete
1294 1572 1500 1616 sorores,

308 1637 475 1687 Dicite
502 1640 562 1687 Io
583 1641 592 1687 !
629 1637 755 1687 laetis
780 1637 930 1686 dicite
955 1639 1069 1687 laeta
1094 1637 1258 1686 sonis!

238 1719 472 1771 Carmine
495 1719 721 1769 victrices
746 1721 862 1769 laeto
887 1720 1086 1769 laudate
1111 1728 1345 1779 catervas,

304 1803 445 1851 Voce
470 1800 755 1865 triumphali
779 1802 1126 1851 concelebrate
1152 1802 1344 1851 ducem.

235 1965 343 2014 Vos
368 1980 569 2028 quoque
593 1965 842 2024 mortales,
869 1963 1154 2027 ubicunque
1179 1963 1288 2013 haec
1313 1964 1479 2013 fabula
1504 1964 1652 2013 fertur

306 2044 498 2095 Discite
518 2046 623 2108 jam
647 2045 803 2095 nostri
829 2044 948 2108 quid
972 2047 1173 2094 voluere
1197 2044 1335 2095 modi
1355 2064 1365 2094 :

238 2127 431 2189 Perque
457 2135 566 2176 tuas
590 2127 745 2176 valles
770 2127 978 2187 celebra,
1007 2128 1119 2176 loca
1143 2126 1302 2188 devia,
1330 2135 1479 2175 cantu

304 2207 486 2269 Scotia,
512 2208 784 2271 productos
809 2216 1005 2271 tempus
1030 2207 1080 2256 in
1105 2224 1255 2257 omne
1281 2223 1445 2258 sonos,

238 2370 496 2435 Conripite
520 2371 638 2419 hinc
662 2386 873 2431 cursum,
897 2371 1002 2433 jam
1027 2368 1090 2419 sit
1113 2385 1252 2419 mora
1276 2370 1425 2430 nulla,
1454 2386 1660 2429 sorore5‚

307 2451 574 2503 Concutiat
597 2451 817 2516 gladium
843 2452 1047 2500 dextera
1071 2467 1283 2515 quaeque
1307 2467 1465 2512 suum,

239 2536 502 2584 Tartareos
526 2533 850 2583 conscendite
876 2550 1046 2597 equos,
1075 2542 1124 2583 et
1149 2549 1361 2596 quaeque
1385 2542 1640 2582 cruentum

307 2616 540 2680 Occupet
564 2616 629 2665 ad
654 2617 840 2665 bellum
865 2614 1171 2679 conripuisse
1195 2614 1340 2663 viam.

1129 2750 1204 2796 W.
1231 2748 1303 2796 W.
1335 2749 1424 2807 M„
1461 2749 1596 2810 1850.
