2028 3230
696 297 873 332 GREEK
911 297 1135 333 IAMBICS.
1537 300 1632 350 279

209 414 391 473 ἄλλως
415 414 662 482 ἄβουλοι,
692 416 908 490 θούριοι,
937 417 1286 490 καύθαίρετοι,

209 497 264 551 οἳ
283 498 633 570 παρθενωποί
648 498 697 569 «γ’
725 500 938 571 εἰσορᾶν
962 503 1254 574 πεφηνότες

209 579 488 653 δράκοντές
513 582 663 645 εἰσιν,
691 583 812 656 οὐχὶ
838 583 1105 653 παρθένοι,
1136 585 1342 658 φρένας.

210 665 360 719 οὗτοί
377 664 428 733 ’γ’
456 664 537 719 ὅσ’
565 665 724 739 εἶχον,
754 667 987 738 ἀργύρου
1011 668 1344 740 πεπρακότες

210 753 409 819 κλῆρον
432 754 682 825 πατρῷον
706 753 1010 826 χρημάτων,
1039 754 1378 826 ὑπερφρόνως

209 834 265 887 ἐν
290 833 540 902 σώμασιν
564 840 823 907 φοροῦσιν
848 836 1037 891 οἰκεῖον
1060 837 1233 910 λάχος

161 953 166 957 -
209 915 344 989 δεῦρ’
371 917 690 976 ἐλπίσαντες
714 919 1004 992 χρημάτων
1029 923 1224 993 κῦρσαι
1250 921 1391 975 νέων.

209 997 407 1072 χῶπως
432 1001 530 1068 μὲν
554 1003 609 1054 ἐν
633 1007 894 1056 πολλοῖσι
918 1003 1102 1071 παῦρά
1128 1025 1217 1057 σοι
1241 1004 1397 1072 λε’«γω,

210 1083 306 1136 οὐκ
330 1082 380 1136 οἶ
410 1081 423 1100 ’
449 1082 524 1137 ὅτ’
550 1084 708 1142 ἄνθος
731 1087 875 1158 λῷον
900 1087 1172 1154 εὐτόλμων
1197 1091 1416 1160 φρενῶν,

210 1165 243 1232 ἢ
268 1169 359 1220 νῦν
383 1165 567 1234 διῆλθε
593 1167 864 1235 σέλμασιν
890 1171 1274 1240 Βρεταννικοῖς,

211 1247 475 1303 ἔπλευσεν
498 1249 596 1318 ἤδη
622 1250 852 1305 ποντίων
878 1251 961 1306 ἐπ’
989 1251 1268 1318 οἰδμάτων,

211 1331 353 1391 ὅπως
378 1332 501 1401 ἄνγοι
526 1334 677 1404 φέροι
702 1356 759 1388 τε
784 1335 882 1400 τὴν
905 1335 1227 1403 οἰκουμένην.

213 1417 298 1470 καὶ
324 1415 430 1485 μὴν
454 1417 697 1487 ἀτερπεῖς
723 1417 884 1471 τῶνδε
910 1418 1211 1486 σάλπιγγες
1239 1419 1454 1492 σχολὴν

212 1497 309 1565 τὴν
333 1503 423 1554 νῦν
445 1497 495 1568 «γ’
521 1501 930 1571 ἀπορρηγνῦσιν·
971 1501 1076 1555 εἰσὶ
1100 1503 1204 1572 «γὰρ
1230 1502 1400 1560 πέλας

211 1581 448 1640 σπονδὰς
474 1583 735 1655 φέροντες,
761 1582 795 1651 ἢ
819 1583 1016 1657 μάχην·
1055 1583 1184 1655 δρᾶν
1209 1585 1299 1639 οὖν
1323 1586 1482 1653 ἀκμή.

283 1772 435 1823 ΦΙΛ.
462 1769 645 1824 ”Οσον
668 1770 717 1838 «γ’
735 1770 1133 1842 ἀπροσδόκητὸς
1159 1773 1271 1826 ἐσθ’
1287 1773 1373 1828 ὅδε
1398 1774 1607 1833 στόλος.

284 1955 445 2014 ΑΤΣ.
470 1955 636 2029 “Oa-cp
684 1957 782 2026 μὲν
830 1958 922 2012 οὖν
951 1957 1085 2030 δεῦρ’
1132 1958 1328 2014 ἔλαθον
1362 1961 1631 2029 ἐσβεβλη-

357 2039 518 2102 κότες,

212 2124 402 2192 πεῖραν
426 2125 664 2193 τοσούτῳ
688 2126 903 2192 μᾶλλον
928 2123 994 2178 ἂν
1019 2129 1181 2178 κινεῖν
1206 2124 1327 2189 δέοι,

213 2203 356 2263 ὅπως
381 2205 815 2277 ἀποστρέψωμεν
842 2206 1261 2276 εἰσαφιὙμένους·

215 2285 412 2358 θάρσος
435 2287 539 2358 ’γὰρ
565 2288 678 2343 αἰὲν
703 2290 913 2357 ἐξισοῦν
938 2292 1103 2361 καιρῷ
1129 2295 1289 2362 φιλεῖ·

213 2369 420 2442 χαίρειν
442 2372 682 2440 λε’·’γωμεν
707 2372 810 2426 οὖν·
849 2374 1346 2444 παρεσκευάσμεθα.

288 2568 386 2621 ΙΩ.
422 2564 520 2623 (Ως
547 2568 761 2641 Γαλλίᾳ
784 2568 880 2637 μὲν
905 2568 1042 2622 δοῖεν
1066 2569 1272 2642 εἰρήνην
1298 2570 1421 2631 θεοὶ,

215 2650 362 2722 εἴπερ
389 2647 502 2702 κατ’
529 2649 736 2721 εἰρήνην
759 2673 820 2718 Γγε
846 2652 1060 2706 Γαλλία
1086 2652 1229 2706 θέλει

214 2735 425 2805 κρατεῖν
448 2730 502 2800 μ’
530 2732 771 2804 ὅσωνπερ
798 2733 919 2788 ἐστί
938 2757 1029 2803 μοι
1055 2734 1170 2800 δίκη
1195 2741 1416 2806 κρατεῖν,

213 2815 393 2884 ’γένους
419 2813 532 2869 κατ’
559 2816 846 2887 ἀγχιστεῖα
866 2819 971 2871 τῶν
996 2817 1292 2871 ὀλωλότων·
