2028 3230
411 252 513 297 444
629 250 858 297 N1corA1,
900 250 1183 285 RUSSORUM
1223 250 1387 295 REGIS,
1426 249 1623 285 OBITUS.

414 371 645 420 Dedecus
701 372 834 420 haud
899 371 1167 420 delendum
1235 373 1490 434 unquam?
1548 370 1828 420 revolubilis

546 461 664 501 aetas
1583 507 1587 513 ¹

413 532 622 581 Pristina
645 535 744 581 fata
770 533 920 593 dabit,
949 533 1170 582 victricia
1196 535 1388 593 saecula,
1416 532 1629 582 Turcis?

413 614 604 662 Moenia
622 616 650 645 ²¹²
674 631 792 662 num
818 616 993 662 frustra
1018 616 1242 663 nondum
1267 614 1462 663 devicta
1485 615 1698 663 ferocem

410 695 691 744 Sustinuere
718 696 926 754 hostem,
957 704 1004 743 et
1032 712 1144 757 quae
1170 705 1276 744 toto
1303 695 1497 744 turbida
1521 696 1644 744 caelo

409 778 700 838 Tempestas
727 778 934 824 telorum
962 793 1023 824 ac
1048 778 1228 826 ferreus
1254 777 1431 840 ingruit
1455 777 1650 826 imber?

409 859 594 905 Suntne
621 857 764 905 etiam
792 859 965 905 frustra
988 874 1160 907 mersae
1178 862 1208 915 †
1234 867 1308 907 tot
1332 858 1382 906 in
1407 874 1605 920 aequore
1629 859 1818 907 naves?

413 940 512 987 Tot
538 938 702 1001 magni
728 938 914 1001 periere
940 939 1131 988 animi?
1166 949 1240 988 tot
1264 956 1471 1002 corpora
1494 949 1620 988 terra

411 1021 541 1066 Fusa
562 1021 1012 1081 jacent—frustra?
1048 1030 1311 1082 rapuerunt
1336 1020 1502 1069 limine
1528 1020 1577 1068 in
1602 1019 1711 1082 ipso

410 1102 497 1148 Me
522 1102 622 1148 fera
645 1102 920 1149 fata—esto
942 1103 949 1148 !
988 1102 1157 1150 Solum
1180 1118 1383 1164 rapuere
1411 1101 1692 1164 Philippum
1711 1103 1753 1163 ἶ,

408 1181 582 1227 Restat
607 1181 888 1229 Alexander
912 1197 1098 1228 sacram
1124 1181 1207 1244 qui
1232 1181 1450 1230 vindicet
1474 1183 1647 1230 urbem
1665 1182 1688 1228 1’

408 1262 544 1320 Quas
569 1260 743 1308 meruit
767 1261 924 1323 pietas
950 1262 1121 1310 laudes
1144 1266 1152 1310 l
1189 1254 1300 1324 quae
1325 1262 1480 1325 gloria
1506 1261 1655 1310 tantis

409 1342 546 1389 Illius
571 1341 787 1403 aequabit
810 1342 1030 1391 meritis?
1067 1342 1159 1402 cui,
1186 1343 1388 1405 praemia
1410 1343 1540 1402 facti,

407 1425 466 1469 In
493 1424 613 1470 caelo
638 1432 843 1471 aeternas
869 1432 1017 1485 atque
1044 1423 1170 1472 inter
1194 1423 1354 1472 sidera
1380 1425 1522 1472 sedes

407 1506 574 1552 Donat
598 1505 779 1553 habere
806 1507 956 1564 Deus,
985 1522 1229 1567 supraque
1253 1506 1304 1553 in
1329 1505 1510 1554 vertice
1539 1521 1678 1553 sacro

406 1586 632 1633 Flamma
654 1587 677 1648 ξ
707 1586 868 1645 micat,
897 1587 1122 1635 lambens
1147 1596 1332 1635 aeterno
1357 1586 1543 1635 lumine
1568 1585 1728 1635 crines
1751 1590 1760 1634 1

406 1667 505 1715 Hei
531 1667 649 1714 mihi
670 1670 678 1714 1
717 1668 916 1730 quando
941 1684 1123 1730 parem,
1150 1670 1346 1717 bellove
1371 1677 1454 1716 aut
1478 1684 1602 1731 pace
1627 1684 1800 1717 serena

407 1747 722 1796 Inveniemus
742 1750 764 1769 '’
790 1748 858 1796 ait
874 1766 888 1809 3
924 1748 1233 1811 lacrimisque
1259 1750 1438 1797 effusus
1463 1750 1526 1796 ab
1551 1750 1654 1797 alto

408 1828 622 1876 Decedit
646 1830 835 1877 feretro.
911 1830 1082 1877 Fertur
1106 1829 1460 1891 muliebriaque
1485 1828 1612 1877 inter

403 1908 628 1970 Agmina,
657 1919 705 1958 et
730 1909 915 1972 ingenti
940 1911 1086 1972 longe
1112 1910 1388 1963 comitantev
1405 1910 1615 1957 tumultu

401 1991 477 2037 Ad
504 1991 756 2038 tumulum.
797 1990 963 2053 Rigidi
986 1991 1004 2054 ΙΙ
1034 1992 1230 2053 pulsant
1254 1991 1381 2052 pede
1407 1989 1609 2037 flumina
1634 1988 1684 2036 N
1686 1998 1802 2048 evae,

405 2071 466 2117 Et
491 2080 627 2118 vates
652 2087 956 2133 puerumque
982 2071 1119 2119 chori
1143 2071 1418 2132 miseraque
1443 2070 1619 2131 puellae

403 2152 541 2198 Voce
567 2161 761 2198 canunt.
838 2153 1068 2200 Celebrat
1095 2150 1351 2199 sollemnia
1374 2166 1509 2197 more
1535 2149 1773 2198 Sacerdos

402 2230 644 2290 Carmina,
674 2233 890 2293 dumque
915 2232 1105 2294 inplent
1130 2230 1424 2279 clamoribus
1449 2233 1560 2277 aera
1582 2228 1731 2280 vastis

457 2379 481 2403 '¹¹‘
514 2378 772 2430 Sebastopol.

454 2444 483 2487 ἦ*
511 2444 568 2482 At
589 2443 657 2482 the
677 2449 867 2482 entrance
887 2441 934 2480 of
949 2441 1018 2480 the
1035 2441 1227 2483 harbour.

453 2508 478 2558 It
507 2507 706 2546 Nicholas
727 2507 799 2545 has
818 2506 923 2545 been
944 2506 1075 2544 called
1096 2506 1164 2544 the
1187 2505 1322 2557 Philip
1343 2505 1393 2545 of
1406 2506 1579 2545 modern
1600 2505 1728 2545 times.

457 2571 477 2621 ξ
511 2572 580 2611 He
601 2572 633 2610 is
654 2572 819 2622 already
839 2572 896 2609 St.
925 2570 966 2608 N
970 2570 1136 2608 icholas.

458 2636 473 2687 Η
509 2636 571 2675 Cf.
617 2637 711 2680 AEn.
756 2635 807 2675 xi.
853 2632 942 2686 659.
1027 2636 1054 2653 “
1070 2634 1224 2684 Quales
1262 2635 1467 2674 Thre'l‘ciae
1502 2648 1597 2680 ¹cum
1635 2634 1806 2673 flumina

398 2700 718 2740 Thermodontis
737 2698 944 2751 pulsant.’'
1003 2699 1203 2738 Nicholas
1219 2713 1302 2738 was
1322 2699 1465 2739 buried
1485 2699 1528 2738 in
1543 2699 1611 2739 the
1634 2699 1804 2746 winter;

398 2766 466 2804 the
487 2766 528 2803 N
532 2779 606 2817 eva
626 2778 708 2804 was
729 2764 876 2803 frozen.
