2028 3230
512 955 838 1016 GREEK
897 957 1294 1020 IAMBICS.

263 1168 458 1221 MON.
522 1167 616 1227 Τίς
676 1169 740 1236 ἦν
801 1171 1044 1224 παλαιὰν
1106 1171 1246 1238 τήνδ’
1311 1172 1339 1225 ὁ
1402 1175 1620 1242 κινήσας

332 1252 570 1316 στάσιν,·

186 1335 440 1406 παρῆσθ’,
467 1335 682 1408 ἀδελφὲ,
710 1341 924 1407 πρῶτον
948 1337 1193 1412 ἀρχούσῃ
1208 1362 1227 1404 ;
1270 1341 1494 1412 φράσον.

260 1502 435 1555 ΒΕΝ.
477 1503 586 1556 Τοῦ
623 1505 724 1556 σοῦ
759 1503 858 1571 μὲν
897 1503 1108 1576 ἐχθροῦ,
1149 1505 1279 1575 πρὶν
1314 1512 1500 1574 μολεῖν
1536 1532 1616 1576 με,

332 1584 641 1656 πρόσπολοι

189 1664 481 1738 ὁρμώμενοι
505 1672 613 1725 τοῖς
640 1671 790 1722 σοῖσι
813 1668 947 1740 πρὸς
969 1670 1153 1742 μάχην
1178 1672 1308 1738 ὁμοῦ

188 1755 457 1820 παρῆσαν,
488 1750 578 1804 εἶτ’
606 1752 771 1820 ἔτγωΎε
796 1751 856 1806 τὸ
883 1753 1034 1823 ξίφος
1058 1755 1179 1826 χερὶ

187 1835 476 1905 πρόκωπον
501 1835 682 1908 ἔσχον,
711 1835 778 1891 ὡς
804 1834 900 1906 σφ’
927 1834 1020 1888 ἀπ’
1048 1836 1307 1903 ἀλλήλων
1330 1841 1431 1913 βίᾳ,

187 1916 286 1983 ἤδη
313 1917 560 1986 καθέξων,
589 1918 674 1990 χὼ
701 1918 986 1983 Τύβαλτος
1012 1920 1198 1979 εὐθέως

188 1999 390 2069 θρασὺς
414 2002 668 2074 προσῇξε,
696 2003 784 2054 καὶ
811 2001 1148 2072 καταρτύσας
1175 2004 1326 2076 ξίφος

189 2083 328 2149 θοὸν,
356 2084 666 2155 παροξύνων
691 2083 786 2152 ἔμ’,
814 2084 947 2155 ἀμφ’
975 2086 1136 2141 αὑτοῦ
1161 2088 1300 2158 κάρα

190 2167 324 2239 πρὸς
349 2166 470 2236 τᾶμ’
499 2167 691 2234 ἐδίνησ’
718 2166 844 2231 ὦτα,
873 2171 962 2222 καὶ
989 2168 1079 2223 τὸν
1105 2170 1291 2240 αἰθέρα

190 2249 371 2308 ἄλλως
397 2251 580 2323 ἔκοψε,
608 2251 695 2305 καὶ
720 2251 824 2323 «γὰρ
851 2253 920 2309 ὡς
944 2252 1144 2319 «γέλωτί
1166 2275 1240 2324 τῳ

188 2332 348 2406 αἰθὴρ
373 2334 544 2406 ἀθῷος
568 2334 906 2404 ἀντεσύριξεν
930 2335 1105 2400 μόνον.

814 2416 827 2434 ‚
868 2418 880 2435 ‚
925 2416 937 2434 ,
981 2418 993 2435 ‚

189 2498 474 2556 κόπτοντες
500 2499 752 2558 ὠθοῦντές
778 2499 838 2561 τ’,
867 2501 1196 2555 ἐπαΐσσουσι
1221 2503 1354 2574 πρὸς

187 2585 450 2636 πολλοῖσι
475 2582 690 2647 πολλοὶ,
720 2582 808 2636 καὶ
837 2583 1170 2655 ξυναίρονται
1194 2586 1379 2658 μάχην

186 2663 351 2718 ἄλλοι
374 2663 501 2736 παρ’
529 2665 735 2730 ἄλλοις,
764 2665 815 2722 ἔς
842 2688 899 2719 τε
925 2665 987 2732 δὴ
1014 2671 1191 2736 παρῆν
1215 2668 1399 2734 μολὼν

186 2744 325 2816 ἅναξ
348 2746 593 2817 ἑκάτερον
618 2748 673 2806 ὃς
699 2747 976 2815 διέστησεν
1000 2749 1172 2820 μέρος.
