2028 3230
364 210 456 256 160

712 221 928 268 PINDAR,
967 221 1118 255 PYTH.
1161 221 1249 267 1X.‚
1296 220 1418 270 I·70.

490 344 557 390 At
582 341 701 404 quid
726 351 778 391 tu
802 340 1011 404 patriam
1034 340 1248 404 virginis,
1278 351 1327 390 et
1352 343 1557 391 domum

491 422 682 484 Quaeris
699 425 722 471 ?
757 422 941 484 quippe
965 431 1097 470 ratos
1122 421 1358 484 temporis
1383 422 1540 471 exitus

492 503 651 563 Nosti,
680 502 865 566 quippe
891 505 1056 550 Deum
1082 502 1289 551 consilia
1313 502 1499 562 intima,

764 586 828 632 Et
851 583 1094 646 turgentia
1116 583 1338 646 germina

489 664 670 728 Aprilis
695 681 937 724 numeras,
966 673 1187 727 quotque
1213 666 1304 714 sub
1330 681 1529 728 aequore

490 748 767 794 Volvuntur
789 745 995 808 lapides,
1023 761 1176 807 quum
1200 762 1335 794 mare
1358 746 1608 795 turbidum

489 829 670 876 Auster
688 842 840 889 quum
863 825 1038 874 fluvios
1061 835 1221 887 vexet,
1251 836 1299 875 et
1324 827 1526 891 inspicis

760 909 946 956 Rerum
970 906 1202 969 praescius
1228 908 1464 957 ordinem.

490 989 575 1038 Sin
601 988 781 1037 dixisse
805 987 922 1036 licet
947 1003 1058 1050 quae
1082 989 1213 1037 bene
1237 989 1448 1048 noveris,

490 1068 959 1132 Dico-legitimam
979 1069 1159 1117 ducere
1185 1071 1450 1133 conjugem

473 1152 640 1198 'Hanc
665 1160 714 1199 te
737 1152 838 1198 fata
860 1151 1046 1210 volunt,
1076 1159 1125 1199 et
1149 1167 1295 1213 super
1323 1167 1523 1213 aequora

763 1233 954 1279 Hortos
978 1231 1043 1279 ad
1067 1229 1252 1292 patrios
1276 1231 1401 1279 feres
1424 1248 1437 1290 3

490 1311 733 1374 Reginam
759 1319 808 1359 et
832 1310 979 1360 facies
1005 1310 1169 1358 divitis
1194 1310 1380 1371 insulae,

491 1393 637 1442 Cives
661 1392 946 1440 innumeros
970 1391 1192 1453 undique
1216 1391 1485 1455 conligens,

491 1476 814 1535 Uxoremque
839 1481 974 1520 tuam
1000 1471 1171 1520 fertilis
1196 1488 1346 1520 aurea

760 1555 911 1600 Hanc
936 1569 1141 1615 campus
1167 1552 1337 1615 Libyae
1362 1553 1514 1601 domo

490 1634 765 1684 Confestim
789 1633 1014 1696 accipiet,
1041 1632 1333 1696 participem
1359 1632 1464 1692 soli,

492 1717 556 1762 Et
582 1715 726 1763 sedes
750 1714 973 1777 proprias
998 1713 1202 1774 dividet,
1229 1712 1404 1762 incolis

491 1797 603 1856 Qua
626 1811 720 1844 nec
743 1794 955 1857 frugiferi
979 1793 1210 1843 deficient
1233 1793 1347 1856 agri,

757 1877 868 1924 Nec
893 1876 1100 1923 deerunt
1129 1873 1265 1922 siliiis
1290 1875 1404 1922 ferae
1428 1891 1437 1920 z

491 1956 592 2004 Hic
616 1956 771 2018 pulcri
795 1955 940 2004 faciet
965 1964 1013 2004 te
1037 1954 1175 2017 pueri
1199 1963 1402 2016 patrem,

491 2038 653 2097 Quem
681 2036 829 2084 Maiae
854 2037 1052 2085 suboles
1077 2036 1276 2094 auferet,
1304 2043 1352 2083 et
1378 2049 1515 2082 suam

490 2120 670 2167 Curam
695 2126 821 2166 terra
843 2133 1034 2180 parens,
1063 2125 1112 2165 et
1135 2115 1317 2164 levium
1343 2115 1521 2162 chorus

756 2200 1006 2246 Horarum
1030 2196 1242 2258 accipiet
1266 2210 1404 2243 suam
1424 2212 1438 2254 3

490 2282 742 2342 Inponent
764 2279 971 2342 genibus
995 2278 1217 2326 membra
1239 2275 1534 2333 foventibus,

488 2360 758 2423 Tingentes
783 2359 920 2422 pueri
943 2367 1176 2407 nectareo
1200 2359 1337 2406 labra

487 2444 631 2501 Suco,
656 2457 872 2502 moxque
896 2449 1031 2488 tuam
1055 2439 1230 2486 reddet
1253 2436 1533 2499 imaginem,

686 2508 688 2510 V
754 2520 949 2569 AEterni
972 2528 1056 2567 aut
1079 2518 1255 2566 faciem
1279 2517 1416 2579 Jovis
1436 2535 1448 2575 3

490 2606 760 2664 Pastorque
783 2601 865 2649 ille
887 2602 1064 2660 bonus,
1091 2615 1231 2647 carus
1257 2597 1347 2647 erit
1371 2597 1484 2657 suis,

487 2685 676 2746 Agreus
693 2691 784 2735 ‘aut
809 2680 1038 2741 Nomius,
1061 2679 1265 2739 nomine
1291 2678 1466 2726 clarior
