2028 3230
615 224 775 259 LATIN
814 225 1004 258 HEXAM
1012 226 1191 260 ETERS.
1560 230 1619 278 25

182 345 367 396 Visave
391 354 688 395 nocturnam
714 345 1162 395 circumvolitantia
1186 348 1370 395 taedam
1390 366 1402 408 3

184 428 328 491 Saepe
351 426 591 491 giganteis
615 443 789 490 aequus
815 428 903 475 sed
929 427 1112 476 viribus
1138 428 1310 476 horror

185 507 373 569 Adfuit,
399 508 754 573 ingentemque
778 509 953 572 ingens
981 509 1276 573 Hyperiona
1299 510 1450 559 torsit.

185 589 385 640 Scilicet
409 590 656 639 interdum
680 590 992 640 rutilantibus
1017 601 1134 654 apta
1158 591 1414 651 columnis,

185 673 323 736 Apta
344 688 478 734 auro,
505 681 656 736 atque
680 672 790 721 aeris
815 671 974 720 nitido
999 673 1219 735 perfecta
1241 674 1458 731 metallo,

185 753 346 818 Regia
368 753 887 818 sanguineo—mirum
908 758 916 802 l
953 755 1138 817 fulgore
1163 764 1403 814 coruscat,

185 836 346 885 Tecta
366 853 456 900 per
478 846 629 900 atque
653 837 833 897 tholos,
862 836 1178 900 spatiosaque
1202 837 1373 886 limina
1397 848 1595 886 centum

186 917 492 979 Fomicibus,
518 918 765 982 rutiloque
789 920 1019 968 ardentes
1045 919 1219 969 ordine
1245 921 1404 968 calles.

185 1000 474 1062 Quinetiam
499 1003 620 1051 Eoae
644 1018 788 1051 roseo
813 1001 1058 1051 velamine
1083 1003 1242 1051 nubes

186 1081 474 1143 Flagrarunt
493 1098 508 1142 3
542 1097 743 1130 necnon
767 1080 946 1144 aquilae
971 1081 1297 1144 spatiantibus
1323 1081 1424 1140 alis,

185 1162 348 1224 Quale
372 1178 467 1211 nec
490 1173 607 1211 ante
634 1164 748 1211 Deo
772 1163 988 1211 necdum
1013 1163 1303 1212 mortalibus
1327 1179 1546 1225 unquam

184 1243 360 1292 Visum
385 1243 555 1305 oculis,
583 1243 778 1308 magico
804 1246 1064 1294 obducunt
1090 1246 1319 1308 squalore
1343 1247 1573 1294 tenebras
1597 1265 1608 1305 3

187 1324 531 1388 Hinnitusque
557 1325 677 1374 olim
701 1325 1024 1389 fremitusque
1049 1326 1247 1375 auditur
1272 1343 1527 1390 equorum,

185 1406 347 1469 Quale
370 1422 466 1456 nec
490 1416 607 1456 ante
634 1409 748 1457 Deo
774 1409 991 1457 necdum
1015 1408 1307 1458 mortalibus
1331 1425 1552 1471 unquam

182 1487 399 1537 Auribus
423 1487 662 1537 auditum.
737 1490 834 1538 Vel
861 1484 1014 1552 quum
1038 1489 1316 1539 redolentia
1338 1499 1459 1549 tura,

182 1568 232 1619 Si
258 1585 357 1632 qua
381 1571 495 1619 Deo
521 1569 711 1633 spirant
738 1571 861 1619 sacri
887 1571 971 1634 pia
995 1588 1200 1620 munera
1224 1573 1390 1631 colleS,

186 1649 422 1700 Delibare
446 1650 596 1714 cupit,
624 1651 808 1700 totiens
833 1668 936 1700 non
961 1652 1080 1701 turis
1106 1653 1287 1702 odores

183 1730 491 1801 Ambrosios,
525 1733 615 1780 sed
640 1731 772 1781 enim
796 1749 1011 1782 nocuam
1025 1735 1343 1797 graveolente
1362 1734 1618 1798 mephitim

185 1813 316 1862 Cum
340 1811 516 1862 nidore
539 1814 708 1877 legens
733 1814 913 1877 patulis
938 1815 988 1863 in
1013 1815 1213 1865 naribus
1238 1815 1410 1865 haurit.

186 1896 298 1944 Nec
322 1894 484 1944 minus
511 1896 761 1960 Hesperii,
789 1897 1007 1960 pulchris
1031 1897 1331 1962 fugientibus
1360 1897 1526 1958 Horis,

185 1977 356 2038 Quum
381 1986 584 2027 tenuere
611 1980 778 2027 Deum
803 1979 1021 2040 thalami,
1051 1996 1154 2028 non
1179 1979 1298 2029 inde
1323 1982 1540 2043 superbo

187 2058 377 2107 Blanda
401 2067 511 2108 toro
535 2060 744 2123 requies,
773 2078 875 2110 non
900 2061 1158 2110 invitantia
1184 2078 1386 2111 somnos

189 2140 458 2200 Murmura,
509 2157 611 2190 non
671 2141 864 2203 somni3
922 2159 1092 2191 verum
1150 2142 1273 2192 atria
1331 2144 1619 2192 obambulat

321 2220 497 2285 ingens

188 2302 283 2350 Per
306 2301 554 2366 placidam
578 2312 780 2353 noctem
805 2314 911 2354 tota
935 2305 1174 2368 spatiatus
1199 2304 1249 2353 in
1274 2307 1388 2354 aula
1408 2326 1416 2355 :

188 2383 267 2431 En
291 2385 300 2431 l
337 2385 509 2447 procul
534 2383 722 2435 interea
745 2403 834 2449 per
858 2386 1016 2436 sicubi
1041 2389 1190 2451 longa
1212 2404 1409 2436 recessu

188 2463 384 2513 Limina
407 2464 678 2515 miscentur
701 2467 884 2528 famuli,
912 2468 1219 2532 reticentque
1244 2469 1532 2532 timentque,

186 2544 371 2610 Aligeri
387 2564 401 2607 3
445 2563 537 2595 ceu
586 2549 842 2611 quondam
889 2549 1148 2598 hominum
1195 2550 1377 2614 pavida
1423 2550 1617 2614 agmina

323 2628 511 2692 campis

187 2707 486 2773 Adspiceres
509 2710 688 2774 patulis
713 2712 904 2775 trepida
928 2713 1104 2763 coiisse
1130 2731 1326 2774 corona,
