2028 3230
620 233 798 268 GREEK
837 234 1206 268 HEXAMETERS.
1533 238 1625 286 293

203 355 346 426 ὄφρα
371 351 426 406 δὲ
451 354 526 426 τῷ
543 352 700 421 πνοιή
726 374 783 408 τε
809 354 897 407 καὶ
923 353 1062 420 ἀλκὴ
1089 353 1473 426 καρτερόθυμος

203 435 430 503 ἔμπεδον
455 437 510 491 ἐν
526 441 855 502 *γναμπτοῖσι
881 437 939 490 τὸ
966 437 1024 489 ὃν
1047 437 1200 505 μένος
1219 436 1330 509 εἶχε
1348 439 1623 504 μέλεσσιν,

203 519 379 591 τόφρα
410 519 568 592 κόρην
599 518 750 586 μάλα
782 521 897 592 ῥεῖα
935 519 1086 592 φόρει
1120 521 1390 587 κακότητα
1429 526 1620 593 φυγοῦ-

348 625 466 657 σαν·

202 685 328 740 ἀλλ’
356 688 416 740 οὐ
439 687 544 758 «γάρ
570 709 622 740 τι
649 688 775 752 ζῶον
801 686 1088 740 ἐπίσταται
1113 687 1225 741 αἰὲν
1252 687 1453 742 ἄϋπνον

201 773 406 841 χωρεῖν,
434 769 579 823 ὅσσα
604 791 662 822 τε
685 773 844 837 «γαῖαν
870 770 960 824 ἔπι
986 770 1152 824 πνείει
1178 792 1236 823 τε
1261 770 1350 823 καὶ
1377 772 1542 842 ἕρπει,

202 855 278 925 τῷ
300 852 350 922 ’γ’
378 854 494 907 ἐπεὶ
519 854 629 924 ὅψε
654 853 820 907 κίοντι
844 853 983 919 λύθη
1011 854 1148 925 φίλα
1173 853 1382 920 «γούνατ’
1412 854 1614 925 ἔνερθεν

202 935 295 1003 δὴν
320 937 760 1009 κατατρυχομένῳ
786 935 1073 991 σπεύδοντί
1094 959 1208 1008 περ,
1230 937 1348 990 οὐδὲ
1381 937 1626 991 κέλευθον

558 1021 570 1039 9
623 1020 635 1039 Ι

202 1019 468 1091 πρήσσειν
516 1019 682 1074 ουκετ’
728 1019 807 1089 ἄρ’
851 1021 1026 1093 ἔσχεν,
1069 1019 1215 1091 ἄφαρ
1265 1019 1394 1088 μάλ’
1444 1020 1625 1078 ἄκικυς

347 1103 494 1173 ἔραζε

204 1188 344 1239 κεῖτο
369 1185 562 1239 πεσών·
602 1188 666 1255 τῇ
693 1185 736 1239 δ’
763 1185 886 1239 αὖθι
911 1185 1253 1251 κατεκλάσθη
1281 1184 1442 1257 φίλον
1469 1185 1609 1257 ἦτορ.

273 1267 345 1321 ‘H
385 1267 428 1321 δ’
469 1268 572 1340 ἄρα
620 1269 774 1335 πεζὸς
818 1267 957 1323 ἐοῦσ’
1001 1268 1188 1334 ἔμολεν
1238 1273 1492 1340 κρατερῆς
1538 1269 1623 1322 ὑπ’

348 1349 595 1419 ἀνάὙκης,

205 1436 318 1490 οὔτι
343 1435 471 1507 πρὶν
496 1435 721 1489 εἰωθυῖα·
762 1435 932 1505 πάρος
958 1456 1016 1488 τε
1040 1434 1143 1503 ’γὰρ
1170 1436 1264 1488 οὐκ
1291 1433 1500 1498 ἐδέησεν

207 1517 386 1572 ἵππων
410 1518 537 1572 ἔνθα
562 1518 651 1572 καὶ
677 1517 802 1571 ἔνθα
828 1518 1122 1588 φορήμεναι
1147 1517 1238 1584 ἠδὲ
1265 1517 1504 1584 κομίζειν·

205 1600 494 1673 ὀχθήσασα
551 1600 562 1618 ’
591 1602 732 1655 ἔειπε
757 1602 890 1671 πρὸς
917 1602 975 1654 ὃν
1000 1602 1374 1672 ταλασίφρονα
1401 1599 1577 1667 θυμόν·

207 1683 325 1736 “’“Ω
363 1685 547 1747 πόποι,
575 1685 633 1738 εὖ
669 1688 821 1754 μάλα
858 1688 949 1738 νῦν
973 1683 1088 1737 τάδ’
1116 1683 1425 1749 ἐπίσταμαι·
1464 1685 1497 1751 ἢ
1522 1683 1626 1754 4’γὰρ

348 1765 376 1820 ὁ
402 1766 600 1836 δαίμων

204 1850 420 1904 πάντων
445 1855 582 1923 κῆρα
604 1852 817 1923 βροτῶν
844 1851 897 1904 ἐν
923 1849 1118 1918 ὁμοίοις
1146 1850 1270 1918 θῆκε
1296 1850 1592 1910 ταλάντοις,

205 1933 447 2006 τέρψατο
467 1933 509 1987 δ’
528 1934 821 2006 ἀνθρώπων
842 1935 1040 2002 ἐσορῶν
1058 1935 1203 2000 «γένος
1225 1933 1310 1986 οἷα
1325 1932 1625 2001 μόγησαν.”

277 2018 437 2071 Οὕτω
464 2016 619 2087 δηρὸν
645 2017 840 2082 ἔβαινε·
879 2017 1030 2075 τέλος
1055 2016 1110 2069 δέ
1135 2016 1186 2069 οἱ
1208 2017 1317 2088 ὄψε
1343 2016 1554 2087 φαάνθη

205 2099 365 2168 ἄγγος
393 2100 494 2154 ὑπὸ
521 2104 769 2179 κρημνοῖς
796 2101 879 2154 ε’ὸν
906 2100 1093 2172 οὔρεος·
1131 2100 1270 2171 ἀμφὶ
1299 2099 1354 2153 δὲ
1379 2099 1561 2165 πολλὴ

206 2182 496 2253 φύλλοισιν
521 2183 756 2254 καθύπερ
793 2181 806 2200 ’
835 2183 935 2250 ὑλὴ
962 2182 1139 2256 κέχυτ’
1169 2183 1533 2254 ὑψικόμοισιν·

207 2266 336 2334 ὑλῆς
391 2265 405 2283 ’
431 2268 489 2320 ἐκ
513 2272 735 2335 πυκινῆς
763 2267 892 2335 ὑπὲρ
920 2267 1096 2339 ἄκρων
1122 2266 1293 2339 ὑψόθι
1319 2266 1565 2338 δένδρεων

207 2352 412 2403 καπνοῦ
435 2353 662 2422 σμικροῦ
689 2350 862 2407 ἐόντος
889 2349 1206 2422 ὑπουράνιον
1232 2349 1424 2420 κνέφας
1452 2349 1541 2402 ἷκε.

205 2431 439 2500 γήθησεν
463 2431 518 2485 δὲ
543 2431 684 2505 κόρη·
725 2433 864 2502 φάτο
890 2433 993 2505 «γάρ
1019 2455 1164 2490 τινας
1191 2433 1334 2487 ἔνδον
1362 2434 1545 2486 ἴουσαν

208 2516 263 2568 ἐν
287 2513 428 2584 δόμῳ
455 2514 694 2586 εὑρήσειν
719 2518 891 2587 τυκτῷ
915 2516 1160 2585 μερόπων
1185 2517 1489 2588 ἀνθρώπων·

206 2598 283 2663 βῆ
309 2595 351 2649 δ’
368 2595 786 2668 ὀλιὙοδρανέουσ’
806 2598 890 2652 ἵνα
914 2622 1020 2652 που
1044 2599 1313 2654 παύσαιτο
1341 2598 1499 2668 φίλον
1525 2601 1621 2667 κῆρ

208 2679 485 2749 δυσμενέος
511 2680 764 2747 καμάτου·
803 2681 1036 2750 κάματος
1070 2682 1124 2735 δέ
1149 2705 1239 2747 μιν
1265 2682 1407 2739 αἰνὸς
1435 2681 1617 2733 ἵκανεν.

983 2862 1081 2897 U2
