2028 3230
686 248 844 283 LATIN
883 247 1255 282 HEXAMETERS.
1599 250 1615 281 Ι
1628 246 1688 297 07

261 367 432 420 Sidera
456 368 626 420 divino
652 369 914 419 sublustria
937 369 1140 418 numine
1165 385 1367 432 possum
1389 386 1402 429 3

259 452 599 504 Ventorumve
634 452 809 514 minaS,
841 452 1084 502 tumidum
1119 461 1203 501 aut
1239 467 1541 515 conpescere
1573 467 1694 514 pon-

393 547 499 588 tum
519 555 533 599 ;

259 621 370 670 Nec
392 634 560 684 regere
583 617 791 681 imperio
817 626 1007 681 segetes
1031 615 1391 678 hominumque
1416 615 1611 664 labores
1634 632 1647 674 3

258 702 370 752 Nec
392 701 536 750 valeo
562 715 873 764 quaecunque
899 700 1025 748 solet
1050 699 1113 747 de
1137 697 1340 746 numine
1365 697 1517 760 pleno

257 782 319 831 In
342 797 498 846 genus
521 781 795 830 humanum
820 780 1094 828 diffundere
1118 795 1324 828 munera
1349 777 1521 827 Divus.

257 864 374 927 Ipse
399 879 492 928 ego
516 862 701 926 quippe
725 878 840 911 meo
865 860 1069 910 discessi
1093 869 1309 924 pectore,
1338 859 1523 923 quippe

255 946 374 1008 Ipse
398 944 571 994 abiens
594 943 786 1007 pridem
811 941 934 1005 liqui
959 942 1096 1005 quod
1121 957 1330 1004 sumque
1355 941 1522 1004 fuique

258 1027 370 1076 Has
393 1025 522 1075 inter
545 1025 703 1085 sedes,
729 1023 815 1072 ubi
838 1025 941 1087 jam
967 1023 1299 1083 consedimus,
1327 1033 1477 1086 atque

253 1106 448 1157 Saturni
472 1106 681 1168 solium3
718 1107 859 1155 Thea
879 1106 997 1168 jam,
1024 1121 1212 1168 precor,
1234 1104 1455 1168 undique
1481 1120 1687 1167 quaeraS,

255 1189 375 1237 Huc
396 1188 514 1237 illuc
536 1190 743 1238 volvens
767 1188 954 1247 oculos,
980 1196 1241 1250 totumque
1267 1203 1485 1250 pererres

253 1266 563 1327 Luminibus‚
591 1265 998 1329 circumspiciens
1024 1265 1245 1314 caelestia
1267 1282 1431 1328 regna,

253 1349 460 1398 Stellata
485 1357 535 1397 et
560 1347 667 1397 sine
691 1349 803 1396 luce
828 1348 956 1408 loca,
986 1356 1035 1396 et
1059 1347 1292 1396 vitalibus
1317 1346 1447 1395 auris

254 1431 423 1490 Plena,
449 1429 577 1490 vide,
607 1438 657 1479 et
681 1437 864 1478 tractus
888 1445 1074 1477 vacuos
1101 1437 1149 1477 et
1173 1428 1340 1476 inania
1365 1427 1488 1489 caeli,

254 1506 600 1575 Igniferasque
626 1511 811 1574 plagas,
840 1509 1061 1577 Qrcique
1086 1509 1301 1558 inmanis
1326 1509 1529 1558 hiatum.

254 1593 448 1654 Quaere,
471 1608 660 1656 precor,
689 1592 845 1653 Thea,
874 1607 1052 1654 quaere,
1076 1600 1124 1640 et
1144 1591 1226 1640 dic
1244 1591 1380 1651 mihi,
1401 1590 1559 1641 sicubi
1576 1591 1684 1641 visu

253 1673 440 1722 Nescio
466 1690 578 1736 quae
602 1674 774 1733 forma,
801 1682 888 1721 aut
912 1674 1082 1722 formae
1108 1682 1347 1735 conparet
1371 1672 1535 1736 imago

252 1756 478 1818 Praepete
503 1753 606 1804 sive
630 1755 723 1815 ala,
749 1754 926 1818 rapido
953 1754 1058 1803 sive
1083 1753 1238 1803 incita
1262 1771 1421 1815 cursu,

250 1837 324 1886 Ut
339 1835 592 1885 dicionem
607 1835 798 1896 iterum,
810 1852 1118 1899 regnumque
1133 1844 1354 1899 receptet
1366 1836 1656 1899 ademptum
1669 1855 1682 1897 3

250 1918 348 1966 Fas
368 1918 731 1980 jubet—atque
756 1927 963 1967 eventus
988 1918 1130 1966 adest
1155 1916 1206 1965 in
1230 1917 1399 1966 limine
1415 1917 1531 1967 felix
1549 1936 1630 1978 3—

250 1998 582 2048 Restituenda
605 1997 780 2047 iterum
807 2000 1018 2048 Saturno
1044 1997 1250 2062 pristina
1273 2015 1438 2062 regna,

247 2081 414 2129 Aurea
435 2079 675 2129 victorem
699 2079 895 2129 ornabit
917 2079 1124 2129 victoria
1149 2082 1411 2144 Regem—

250 2160 563 2225 Dejicientur
587 2161 720 2213 enim
745 2161 909 2225 superi
934 2178 1112 2225 supera
1135 2163 1236 2210 alta
1260 2171 1489 2211 tenentes

246 2244 415 2306 Atque
439 2243 790 2306 triumphalem
814 2244 1086 2293 celebrabit
1110 2244 1324 2293 buccina
1349 2254 1565 2306 cantum,

249 2324 315 2373 Et
339 2340 486 2388 super
507 2323 912 2385 auratas‚'divina
936 2325 1133 2387 palatia,
1160 2327 1319 2375 nubes

245 2404 426 2454 Suavia
449 2405 720 2455 dulcisonis
745 2408 1005 2456 certabunt
1031 2407 1250 2455 carmina
1273 2407 1458 2456 circum

245 2485 485 2546 Vocibus,
511 2496 860 2554 argenteaeque
885 2504 1006 2536 cava
1030 2488 1280 2537 testudine
1317 2490 1517 2538 chordae
1539 2508 1551 2549 3

249 2567 464 2615 Munera
486 2576 744 2630 praeterea„
763 2584 996 2631 novaque
1021 2569 1368 2629 oblectamina,
1396 2571 1607 2619 alumnis

247 2647 362 2709 Jam
383 2647 488 2709 jam
513 2647 750 2698 caelicolis
775 2649 1063 2711 tribuentur,
1093 2667 1185 2714 ego
1211 2651 1317 2714 ipse
1338 2652 1572 2713 jubebo.’'

1135 2787 1207 2834 W.
1237 2787 1308 2833 W.
1342 2787 1430 2846 M.,
1465 2788 1603 2850 ¹85¹·
