2028 3230
646 235 823 270 GREEK
861 234 1229 269 HEXAMETERS.
1555 236 1580 280 3
1595 236 1612 266 1
1625 233 1650 283 7.

228 357 499 430 ἔρχεσθαι,
529 356 675 429 τάχα
699 354 742 408 δ’
768 355 836 409 αὖ
861 353 1109 409 νόστονδε
1131 353 1375 407 λιλαίετο
1402 353 1577 422 θυμὸς,

227 439 492 511 ἀργαλέον
516 461 618 512 περ
644 437 812 500 ἐόντα,
841 438 934 492 θεὰ
960 436 1015 490 δέ
1038 459 1129 505 μοι
1153 436 1476 504 ἡγεμόνευεν.

228 527 336 582 σῶς
362 546 426 578 σε
451 524 622 578 πάλιν
648 523 851 592 δύομαι,
881 523 1138 594 φυσιζόου
1161 523 1363 591 ἠελίοιο

228 608 546 679 τερπόμενος
571 608 813 676 αὐὙῇσιν·
840 606 867 660 ὁ
894 605 937 659 δ’
965 606 1095 679 οὐχί
1113 627 1204 674 μοι
1229 606 1446 672 ὄμματα
1471 605 1655 677 τέρπει

229 692 539 745 ἀκτίνεσσιν
565 691 752 755 ἑαῖσιν,
782 690 1105 759 ἑλισσόμενα
1130 689 1289 761 προτὶ
1315 689 1495 742 πάντα

227 774 359 846 μὰψ
384 774 506 841 ἠοῦς
530 773 794 828 ποθέοντα
819 775 969 844 φάος·
1007 773 1123 838 τοίη
1148 772 1252 843 «γὰρ
1279 771 1366 825 ὑπ’
1395 772 1567 825 αὐτῶν

229 856 511 930 ἐκκέχυται
536 857 731 925 νεφέλη
762 879 836 922 τε,
863 856 1001 924 κακή
1027 855 1071 910 τ’
1100 855 1438 928 ἐπιδέδρομεν
1463 855 1650 927 ἀχλὺς,

229 939 375 993 ἀλλὰ
402 939 492 994 καὶ
517 940 586 998 ὣς
612 939 804 1012 κρήνας
827 939 998 1007 φοιτῶ
1023 939 1173 1011 παρὰ
1204 938 1627 1010 καλλιρεέθρους,

229 1022 405 1076 ἄλσεά
430 1045 488 1076 τε
513 1022 776 1084 σκιόεντα,
804 1021 1194 1094 περισκέπτους
1219 1043 1277 1075 τε
1303 1020 1556 1081 κολώνας,

229 1106 370 1160 οἰκία
393 1106 661 1172 μουσάων,
690 1109 794 1160 τῶν
818 1128 884 1173 με
907 1104 1108 1174 4’γλυκὺς
1135 1104 1309 1176 ἵμερος
1334 1103 1485 1175 αἱρεῖ.

229 1189 370 1251 Σῖον,
396 1190 534 1261 ἀτὰρ
559 1191 773 1255 μᾶλλον
798 1187 1035 1261 στείχειν
1061 1188 1151 1243 ἐπὶ
1178 1192 1299 1244 σαῖς
1325 1191 1622 1259 κορυφῇσιν

228 1274 517 1346 παννύχιος
543 1273 719 1336 εἴωθα,
745 1273 871 1344 ῥοὰς
897 1273 1031 1343 ὕπερ
1056 1271 1436 1340 ἀνθεμοέσσας,

229 1357 289 1411 αἳ
309 1358 432 1429 περὶ
459 1361 556 1412 σεῦ
583 1355 785 1423 ζαθέοιο
809 1354 982 1428 ῥέουσ’
1011 1355 1258 1425 ἑκάτερθε
1284 1355 1531 1424 θεμέθλα,

228 1439 326 1508 ἡδὺ
347 1439 640 1509 ’γελοίωσαι
665 1439 803 1494 κατὰ
828 1439 1042 1510 πέτρας·
1083 1438 1202 1492 οὐδὲ
1226 1442 1478 1492 παλαιῶν

227 1522 641 1592 λήθομαι,-οὒς
665 1523 762 1590 μὲν
787 1522 903 1592 ἐμοὶ
930 1522 1021 1588 ἴση
1046 1521 1180 1576 ποτὲ
1203 1520 1341 1594 μοῖρ’
1370 1521 1627 1594 ἐκίχανεν,

228 1606 277 1660 εἰ
299 1605 355 1659 δὲ
379 1605 539 1673 μόνον
565 1604 816 1659 κείνοισιν
842 1606 945 1672 ἐγὼ
971 1604 1124 1662 κλέος
1148 1604 1269 1658 ἴσον
1294 1605 1606 1674 ἀροίμην,-

228 1693 403 1758 πηροῦ
426 1688 522 1754 μὲν
547 1687 824 1759 Θαμύρεω,
853 1688 1042 1742 ἀλαοῖο
1069 1687 1125 1740 δὲ
1150 1687 1466 1747 Μαιονίδαο,

228 1772 319 1826 καὶ
344 1773 541 1838 Φινῆος
566 1770 712 1838 ὁμοῦ,
739 1770 830 1824 καὶ
855 1770 1134 1843 Τειρεσίαο
1160 1770 1400 1827 ἄνακτος·

227 1855 296 1910 τὰ
321 1855 568 1927 φρονέων,
596 1876 688 1923 μοι
709 1853 871 1922 θυμὸς
897 1853 974 1908 ἐνὶ
1000 1853 1297 1920 στήθεσσιν
1321 1855 1530 1925 ὄρωρεν,

227 1938 380 2007 οἴμας
405 1937 450 1992 τ’
479 1939 760 2012 ἐκπροχὲει
783 1937 1121 2009 μελιὙήρυας·
1162 1937 1230 1995 ὡς
1254 1937 1342 1991 ὅτε
1367 1936 1562 2008 φωνὴν,

229 2021 447 2088 θάμνοις
473 2020 527 2075 ἐν
551 2023 825 2075 πυκινοῖσι
849 2019 1090 2082 λαθοῦσ’,
1118 2020 1324 2075 ἔντυνεν
1349 2019 1523 2085 ἀηδὼν

229 2105 394 2160 νύκτα
436 2103 500 2157 δι’
541 2104 815 2177 ὀρφναίην·
861 2102 957 2171 τὴν
1001 2103 1043 2157 δ’
1090 2104 1151 2158 οὕ
1199 2102 1322 2157 ποτ’
1365 2102 1447 2172 ἄρ’
1494 2104 1654 2161 ὕπνος

382 2187 395 2205 ‹
447 2187 461 2206 t

375 2209 554 2246 ικανει.

1155 2318 1205 2365 F.
1238 2317 1293 2365 C.
1328 2317 1406 2375 D.‚
1444 2317 1579 2374 1863.
