2028 3230
616 213 776 248 LATIN
814 214 1180 249 HEXAMETERS.
1558 202 1586 249 8
1591 217 1616 261 3

189 334 412 384 AEternae
435 334 557 383 fient
581 334 627 384 O
654 334 803 383 taedia
827 343 1014 397 quanta
1038 334 1137 383 diei
1205 361 1208 363 Δ

189 415 413 465 Invisum
437 415 546 471 sine,
566 417 666 465 fine
691 426 840 479 caput
864 416 1212 465 venerantibus
1234 418 1242 464 l
1315 418 1446 480 Ergo

190 497 422 560 Quaerere
446 514 703 561 parcamus
727 500 884 566 multo
910 498 1179 561 spectabile
1205 500 1322 546 luxu

187 578 463 639 Servitium,
491 580 627 643 quod
651 596 754 629 non
779 580 1030 644 acquirere
1055 596 1316 643 possumus
1342 579 1502 639 armis,

191 662 311 710 Non
334 662 562 710 volumus
585 661 744 722 venia,
772 671 931 710 coetus
956 662 1071 711 licet
1095 662 1222 710 inter
1247 661 1461 726 Olympi.

190 742 319 804 Quae
341 743 478 791 bona
502 751 615 791 sunt
639 742 784 792 nobis
809 760 839 791 a
861 742 1007 792 nobis
1032 742 1115 791 illa
1138 751 1376 806 petamus,

191 825 258 874 Et
280 840 374 874 nos
397 841 475 873 res
499 833 692 873 nostras
716 823 880 886 potius
905 825 1167 873 referamus
1192 825 1256 872 ad
1281 823 1415 887 ipsos

190 906 311 954 Hoc
333 904 385 953 in
410 921 606 954 secessu
629 914 785 964 vasto,
811 921 915 954 non
941 921 1027 953 ora
1049 904 1281 954 timentes

119 1035 122 1042 Δ
187 986 394 1050 Judicis,
420 985 627 1049 imperio
651 986 772 1034 nulli
796 1002 965 1049 parere
990 986 1166 1047 coacti,

190 1066 442 1117 Libertate
467 1066 557 1115 frui
580 1068 821 1116 malentes
847 1068 1066 1130 duraque
1091 1068 1226 1129 ferre,

190 1147 370 1198 Mollia
392 1147 581 1196 luxuria
605 1165 754 1212 quam
779 1158 1033 1198 conterere
1059 1149 1161 1198 otia
1186 1149 1322 1199 servi.

189 1232 336 1279 Tunc
359 1229 616 1292 adparebit
641 1229 793 1278 virtus
817 1229 1118 1279 validissima
1143 1240 1310 1279 nostra

192 1313 322 1362 Cum
346 1327 439 1360 nos
464 1310 642 1374 exiguo
667 1311 731 1360 de
757 1310 944 1360 semine
970 1328 1151 1375 magna
1176 1329 1356 1372 creare,

191 1392 350 1443 Utilia
375 1409 402 1442 e
425 1392 614 1453 nocuis,
641 1384 852 1441 inimicis
877 1395 1022 1441 rebus
1048 1393 1246 1454 amicas,

190 1474 511 1538 Subjectique
534 1473 690 1534 malis,
720 1473 892 1537 quavis
916 1474 1131 1537 regione,
1158 1475 1322 1538 vigere

192 1558 475 1616 Possumus,
505 1563 566 1615 et,
595 1571 707 1618 quae
732 1554 793 1604 sit
817 1555 1056 1618 patientia
1080 1565 1249 1604 nostra
1272 1558 1524 1619 laborque,

192 1637 409 1702 Gignere
433 1636 748 1700 tranquillam
773 1637 983 1686 cedente
1009 1638 1181 1686 dolore
1208 1638 1437 1701 quietem.

194 1721 305 1768 Has
329 1718 435 1768 sine
461 1720 565 1768 sole
590 1719 760 1782 plagas
785 1718 983 1781 penitus
1007 1719 1304 1783 penitusque
1325 1722 1548 1783 jacentes

191 1803 274 1850 An
298 1800 617 1850 formidamus
632 1803 655 1849 ?
723 1801 965 1863 Superum
990 1810 1248 1864 rectorque
1273 1812 1510 1865 paterque

191 1883 314 1931 Vult
338 1882 568 1946 quotiens
592 1882 786 1932 nebulis
811 1882 1064 1946 piceisque
1089 1883 1311 1932 habitare
1336 1884 1566 1944 tenebris,

195 1962 327 2029 (Nec
349 1963 512 2013 minor
534 1963 722 2013 interea
741 1965 876 2027 justo
902 1973 1006 2013 tum
1030 1964 1184 2028 gloria
1208 1963 1397 2029 fulget‚)

194 2045 394 2095 Occulit
419 2053 469 2094 et
493 2046 663 2095 sedem
687 2045 860 2110 grandi
885 2046 1094 2110 caligine
1119 2046 1316 2107 circum,

128 2150 129 2153 ¹
195 2127 349 2176 Unde
372 2127 586 2176 fremunt
609 2126 704 2176 iras
727 2128 1052 2191 glomerantia
1075 2128 1280 2176 fulmina
1305 2145 1458 2177 saevas

199 2207 533 2257 Murmuribus
570 2209 775 2272 magnis,
806 2209 1054 2272 Erebique
1095 2210 1248 2259 habet
1282 2209 1435 2258 instar
1459 2211 1627 2273 Olym-

329 2290 462 2352 pus?

197 2368 291 2418 Ille
314 2377 479 2431 potest
502 2378 696 2419 nostras
721 2371 950 2419 tenebras
974 2388 983 2418 ε
1022 2369 1251 2420 simulare
1275 2373 1496 2421 valemus

199 2451 385 2499 Nonne
409 2450 543 2499 diem
567 2450 710 2512 illius,
739 2452 778 2501 si
803 2453 895 2500 fert
919 2451 987 2500 ita
1011 2453 1135 2502 forte
1160 2454 1425 2502 voluntas?

200 2533 433 2594 Namque
458 2533 636 2582 humus
660 2534 770 2583 haec
795 2535 989 2582 deserta
1013 2543 1146 2583 caret
1170 2551 1273 2583 non
1298 2536 1407 2584 luce
1432 2535 1633 2585 latentis

199 2611 321 2662 Auri
345 2629 749 2676 gemmarumque
774 2634 783 2663 :
819 2614 912 2677 ipsi
937 2631 1040 2663 non
1065 2624 1168 2663 arte
1194 2632 1416 2664 caremus

0 2704 13 2757 ’,ς
206 2694 532 2758 Ingenioque,
563 2695 741 2758 quibus
765 2712 999 2759 magnum
1026 2705 1295 2745 statuamus
1320 2697 1369 2744 in
1397 2697 1529 2745 Orco

1327 2840 1358 2873 G
