2028 3230
728 241 889 276 LATIN
927 240 1190 275 ELEGIACS.
1615 236 1673 288 77

245 365 483 414 Tartareo
509 363 662 413 Miste
685 363 824 412 vultu
847 362 1118 411 metuenda
1140 362 1320 424 puella,

311 445 552 509 Sangrida
575 453 626 494 et
651 443 811 492 Hilda
834 452 993 492 atrum
1018 441 1336 504 conspiciatis
1362 457 1487 504 opus
1509 459 1522 501 3

243 525 553 590 Auxiliisque
579 524 717 589 operi
741 526 936 588 placeat
961 539 1240 575 succurrere
1265 522 1454 582 vestris,

308 607 578 657 Victricem
601 607 710 657 haec
733 607 933 656 laudem
957 605 1071 654 licia
1095 614 1230 655 texta
1254 606 1459 654 dabunt.

240 795 373 842 Ante
396 794 579 842 rubens
603 791 781 841 mediis
807 808 955 855 quam
980 792 1065 840 Sol
1090 807 1141 840 se
1167 790 1353 839 condet
1377 789 1428 837 in
1453 789 1613 849 undis,

310 877 573 939 Ingentem
596 875 807 924 referent
832 873 1022 936 spicula
1046 874 1200 921 fracta
1225 888 1403 922 sonum
1422 890 1435 933 3

239 956 384 1004 Tunc
409 955 558 1005 etiam
583 955 745 1019 clipeo
769 955 961 1018 gladius
986 955 1220 1018 confliget
1244 971 1372 1004 aeno

308 1039 349 1086 F
351 1047 616 1102 rangentur
639 1037 844 1101 strepitu
870 1037 1021 1086 cassis
1047 1046 1095 1087 et
1119 1054 1255 1086 arma
1279 1053 1415 1085 cavo.

237 1221 416 1272 Texite
440 1238 737 1285 purpuream
759 1221 878 1271 belli
903 1220 1154 1270 contexite
1179 1222 1344 1280 telam,

303 1304 413 1353 Nec
436 1320 577 1353 mora
602 1303 676 1364 sit,
703 1304 932 1367 rapidum
957 1303 1291 1366 conripiamus
1316 1302 1407 1351 iter
1431 1319 1442 1360 3

236 1383 418 1432 Tristia
442 1401 542 1448 qua
565 1385 774 1434 comites
798 1385 954 1434 nostri
979 1384 1249 1434 certamina
1272 1384 1496 1445 miscent,

301 1466 540 1530 Undique
566 1483 665 1529 qua
689 1476 956 1530 properant
980 1467 1178 1516 vincere
1204 1483 1400 1530 quaque
1426 1466 1564 1515 mori.

235 1667 371 1714 Dum
394 1665 625 1729 rapimur,
653 1665 787 1716 diros
811 1666 1018 1714 volvunt
1041 1664 1127 1714 ubi
1153 1665 1253 1713 fata
1275 1665 1527 1723 tumultus,

300 1748 494 1810 Perque
518 1755 842 1807 cruentatum,
871 1748 1015 1795 turba
1039 1755 1256 1806 cruenta,
1286 1746 1446 1794 solum
1471 1763 1485 1806 3

229 1830 336 1878 Vos
360 1828 511 1892 tegite
535 1827 788 1892 inpubem,
815 1845 906 1878 vos
932 1828 1169 1878 Gondula
1194 1826 1455 1890 Geiraque,
1483 1843 1663 1890 regem,

295 1911 463 1973 Atque
487 1926 634 1974 super
657 1926 825 1958 carum
851 1918 991 1959 scuta
1015 1918 1183 1959 tenete
1215 1918 1377 1972 caput.

230 2104 467 2152 Nostrum
492 2111 567 2152 est
590 2101 832 2151 admissas
855 2103 959 2166 jam
984 2102 1111 2152 caedi
1135 2102 1383 2152 inmittere
1407 2103 1643 2163 habenaS,

297 2185 503 2233 Parcere
523 2184 628 2247 jam
652 2183 799 2232 nobis
825 2183 927 2233 sive
951 2200 1129 2233 necare
1155 2185 1312 2232 datur.

230 2263 428 2328 (Texite
451 2281 747 2328 purpuream
775 2265 894 2314 belli
919 2265 1171 2315 contexite
1197 2265 1368 2331 telam)

292 2345 443 2394 Vivet
466 2346 598 2395 enirn
623 2346 848 2410 quamvis
875 2346 981 2395 dira
1004 2346 1189 2410 pericla
1212 2356 1451 2411 premant.

228 2528 394 2590 Quam
418 2527 551 2592 prius
575 2528 815 2578 inclusam
841 2531 1037 2579 deserta
1061 2530 1170 2578 haec
1195 2529 1361 2579 littora
1383 2539 1581 2594 gentem

293 2609 500 2658 Finibus
525 2611 744 2674 angustis
769 2611 1024 2660 detinuere
1050 2611 1150 2660 suis
1170 2629 1184 2673 3

227 2691 353 2739 Mox
377 2690 467 2739 erit
490 2690 566 2739 his
590 2693 746 2740 fatum
770 2692 958 2752 melius,
988 2692 1293 2755 melioraque
1318 2708 1482 2756 regna,

290 2772 474 2835 Ampla
498 2771 582 2820 ubi
607 2788 696 2835 per
719 2773 861 2822 laetos
886 2773 1031 2836 copia
1055 2781 1228 2836 regnat
1253 2788 1407 2836 agros
