2028 3230
1069 265 1167 309 420

858 879 1437 939 CLEOPATRA.

688 1071 715 1089 “
730 1069 967 1108 Deliberata
986 1076 1118 1109 morte
1136 1069 1318 1110 ferocior.
1329 1069 1621 1110 '’—HORACE.

454 1237 638 1283 ERRAT
661 1235 745 1284 ubi
769 1235 955 1298 ingenti
980 1237 1195 1285 devexus
1218 1237 1417 1286 flumine
1444 1238 1602 1298 Nilus,

454 1315 853 1379 Multiplicesque
878 1333 1052 1377 moras,
1079 1318 1330 1381 tacitoque
1353 1318 1604 1367 volumina
1628 1321 1770 1382 lapsu

454 1398 627 1460 Longa
651 1397 809 1457 trahit,
836 1407 975 1446 vasto
999 1407 1225 1447 metuens
1250 1415 1302 1447 se
1326 1399 1581 1448 infundere
1605 1409 1763 1463 ponto
1783 1419 1798 1461 3

455 1478 638 1540 Regius
663 1494 722 1526 en
746 1480 753 1524 1
791 1480 963 1527 caelum
991 1481 1182 1527 sublata
1204 1481 1363 1528 fronte
1391 1481 1626 1543 Canopus

455 1558 665 1620 Suspicit
688 1578 696 1606 ε
733 1568 782 1606 at
803 1561 942 1621 juxta
965 1560 1063 1608 risu
1086 1570 1232 1609 vocat
1256 1561 1413 1609 amnis
1437 1561 1597 1609 amico

457 1643 514 1687 In
540 1640 775 1702 gremium
803 1642 960 1690 Icario
985 1652 1206 1691 vexatam
1232 1643 1418 1706 gurgite
1442 1643 1659 1708 puppim.

527 1804 633 1850 Nec
658 1804 827 1864 procul
852 1803 899 1850 in
927 1804 1090 1852 media
1115 1806 1256 1853 sedes
1280 1804 1552 1867 gratissima
1577 1804 1699 1853 silva

460 1882 705 1941 Panditur,
733 1883 941 1931 adsiduo
967 1883 1143 1932 saliens
1166 1884 1251 1932 ubi
1275 1884 1509 1947 plurimus
1533 1884 1690 1933 imber

460 1962 618 2009 Vestit
642 1979 753 2011 vere
780 1965 950 2023 solum,
979 1973 1026 2013 et
1051 1966 1147 2013 late
1172 1965 1473 2013 discriminat
1495 1966 1665 2013 hortos
1686 1984 1696 2012 ε

459 2043 502 2087 T
505 2041 678 2089 urifera
700 2043 815 2091 hinc
840 2046 995 2103 arbos,
1023 2045 1156 2092 illinc
1179 2045 1431 2108 peregrina
1453 2044 1698 2092 virescunt

464 2123 669 2169 Pulchra
694 2133 813 2183 quot
840 2126 958 2172 ane
985 2125 1274 2173 submittunt
1298 2141 1501 2172 munera
1526 2133 1664 2172 terrae
1687 2142 1700 2184 3

464 2203 637 2250 In'dica
663 2203 864 2251 Niliacis
889 2205 1199 2253 lacrimantur
1221 2207 1439 2254 balsama
1464 2205 1662 2268 campis.

466 2283 565 2331 Hic
591 2300 787 2345 quoque
811 2286 1073 2334 versicolor
1095 2296 1253 2334 totum
1279 2303 1364 2334 sua
1386 2302 1536 2348 regna
1559 2303 1647 2349 per
1670 2303 1853 2334 annum

464 2367 607 2412 Flora
631 2374 777 2424 tenet,
800 2368 839 2412 F
842 2367 956 2413 lorae
980 2368 1227 2429 Zephyrus
1251 2368 1433 2415 furatus
1459 2368 1637 2425 odores

467 2445 641 2493 Ebrius
666 2445 926 2493 invalidam
954 2446 1114 2494 subito
1140 2447 1425 2509 conpescuit
1450 2449 1590 2495 alam.

534 2611 663 2656 Ecce
704 2617 879 2667 autem,
920 2609 1146 2670 amplexu
1193 2625 1446 2657 nemorum
1494 2619 1541 2658 et
1581 2609 1866 2658 florentibus

602 2688 783 2737 umbris

467 2769 788 2831 Semisepulta
811 2771 962 2817 latent
986 2768 1126 2816 nitidi
1152 2769 1340 2832 fastigia
1364 2769 1479 2818 tecti
1499 2788 1512 2830 3
