2028 3230
0 93 18 172 ''WN

81 19 101 57 fl„

120 0 150 35 ’μ’

891 251 980 283 211

402 892 726 951 GREEK
783 892 1465 953 HEXAMETERS.

641 1088 672 1107 ‘⁴
687 1087 732 1125 Μ
737 1086 847 1126 ourir
867 1100 971 1139 pour
990 1088 1030 1127 la
1051 1086 1225 1140 patrie.'’

221 1250 356 1300 ΚΑΙ
379 1247 499 1301 τότε
518 1251 701 1318 κοῦρος
721 1247 937 1320 ἄριστος
957 1248 1210 1316 ἀμείβετο
1228 1249 1435 1316 θυμὸν’
1405 1250 1640 1319 αὙείρων·

219 1340 252 1360 “
262 1330 339 1384 'H
367 1330 471 1396 μὴν
495 1331 557 1384 οὐ
581 1330 770 1402 κραδίη
796 1330 848 1384 οἱ
869 1330 945 1384 ἔνι
966 1331 1230 1396 στήθεσσι
1254 1331 1475 1404 σιδήρου

217 1413 274 1474 ὅς
300 1412 344 1466 τ’
370 1411 534 1468 αἶσαν
558 1412 757 1468 τούτων
782 1415 842 1467 οὐ
868 1413 1093 1479 κήδεται,
1124 1413 1227 1468 οὐδ’
1257 1415 1479 1485 ἐλεαίρει

217 1495 406 1568 ἄνερας
430 1495 484 1557 οἳ
505 1498 764 1568 φεύγουσι
790 1496 954 1569 φίλης
980 1498 1089 1550 ἀπὸ
1116 1497 1368 1569 πατρίδος
1392 1498 1522 1564 αἴης.

218 1580 281 1635 οὐ
308 1577 369 1632 νύ
394 1578 472 1636 τίς
497 1584 544 1634 οἱ
573 1581 686 1636 νόος
712 1581 859 1633 ἐστὶν
886 1579 959 1634 ἐνὶ
986 1581 1177 1650 φρεσὶν
1202 1580 1255 1638 ὃς
1286 1579 1398 1649 μέγ’
1427 1582 1613 1635 ἑαυτοῦ

218 1661 280 1715 οὗ
303 1684 356 1715 τι
381 1662 504 1732 πέρι
528 1662 734 1733 φρονέει
760 1663 830 1715 τά
852 1685 915 1730 «γε
941 1667 1030 1716 νῦν
1057 1663 1146 1716 καὶ
1172 1663 1422 1732 πατρίδος
1447 1664 1563 1730 αἴης

217 1743 510 1811 κηδόμενος·
549 1746 708 1813 κάμοὶ
732 1747 885 1813 μάλα
910 1747 1021 1803 πώς
1057 1768 1124 1814 με
1151 1748 1393 1801 καθίκετο
1421 1748 1583 1817 θυμὸν

219 1831 310 1881 νῦν
334 1827 370 1881 ἅ
395 1825 440 1880 τ’
468 1826 669 1881 ἐσεῖδον
689 1827 792 1895 ἐγὼ
819 1828 906 1880 καὶ
931 1828 1134 1895 ἀκήκοα
1161 1831 1392 1902 σήμερον
1416 1831 1585 1889 αὐτός·

216 1910 316 1978 ἤδη
341 1909 532 1981 ἄγρους
558 1910 784 1979 ἐξῆλθον
811 1911 932 1965 ἰδὼν
958 1919 1045 1965 καὶ
1070 1913 1233 1966 πίονα
1259 1912 1402 1985 ἕρνγα,

217 1993 357 2063 ἀμφὶ
382 1991 425 2047 δ’
452 1991 532 2060 ἄρ’
563 1994 821 2059 ὑλήεσσιν
848 1993 929 2047 ἐπ’
956 1995 1170 2063 οὔρεσιν
1196 1996 1349 2065 οὔρεα
1373 1999 1563 2065 πάντη·

218 2075 368 2148 οὖρος
394 2074 436 2127 δ’
462 2074 605 2147 οὔρεϊ
629 2075 783 2138 νεῦσ’,
813 2078 907 2131 ἐπί
927 2099 984 2130 τε
1011 2078 1218 2146 ξανθοῖς
1245 2079 1547 2152 σταχύεσσι

218 2157 370 2225 λήϊον
393 2158 610 2226 ἤμυσεν·
650 2159 738 2213 καὶ
765 2163 970 2232 καρπὸν
994 2162 1302 2233 ἀθέσφατον
1328 2165 1485 2235 ὄρχος

219 2239 508 2308 ἐσσύμενόν
549 2263 611 2309 ’γε
652 2243 898 2316 παρέσχε
943 2244 1167 2302 κοιλίαις·
1225 2245 1279 2298 ἐν
1329 2244 1371 2298 δ’
1417 2244 1498 2317 ἄρ’
1551 2245 1632 2299 ἐπ’

363 2323 528 2390 ἄμμιν
