2028 3230
1067 271 1167 328 426

855 877 1383 938 IPHIGENIA.

411 1091 516 1137 V1x
540 1090 624 1138 ubi
647 1089 878 1138 finitimas
904 1089 1111 1152 Euripus
1134 1089 1334 1138 flumine
1359 1098 1509 1138 terras

413 1170 643 1230 Distinet,
671 1180 979 1234 angustoque
1005 1187 1167 1219 errans
1192 1170 1406 1219 interluit
1431 1180 1566 1231 aestu,

412 1253 535 1300 Late
558 1251 699 1299 Aulis
724 1251 972 1314 placidum
997 1253 1183 1314 praebet
1208 1251 1512 1300 cOntermina
1534 1254 1733 1314 portum
1750 1269 1763 1312 ;

411 1332 539 1381 Silva
563 1349 716 1395 prope
741 1332 815 1380 his
841 1331 950 1392 oris,
978 1341 1126 1381 castae
1150 1340 1336 1380 sacrata
1361 1331 1551 1392 Dianae,
1707 1328 1709 1330 ¹

412 1413 642 1461 Luxuriat
659 1431 672 1474 ;
711 1413 849 1461 viridi
874 1412 1057 1460 circum
1081 1414 1192 1461 loca
1214 1412 1359 1462 vestit
1383 1412 1564 1461 amictu

412 1494 630 1553 Rivulus,
658 1493 994 1557 inriguamque
1017 1493 1144 1542 bibit
1167 1494 1258 1542 flos
1281 1493 1517 1556 plurimus
1540 1494 1723 1542 undam
1744 1513 1753 1542 ε

414 1576 523 1635 Qua
547 1574 676 1622 soliti
700 1574 862 1635 Aonii,
891 1574 1020 1623 soliti
1045 1591 1142 1637 qua
1165 1574 1255 1623 rite
1279 1584 1487 1637 nepotes

411 1657 555 1704 Ferre
581 1673 730 1715 sacra,
759 1665 807 1704 et
826 1655 1072 1719 proprium
1096 1655 1240 1705 Divae'
1258 1657 1536 1718 persolvere
1563 1655 1815 1704 honorem.

412 1736 543 1796 Quid
567 1753 684 1784 vero
707 1736 788 1784 hic'
812 1746 983 1796 coetuS‚
1011 1736 1194 1799 quidve
1217 1736 1295 1786 hae
1319 1737 1517 1785 voluere
1542 1739 1786 1785 catervae?

410 1816 648 1878 Undique
672 1817 918 1879 congressi
946 1817 1109 1865 Danai
1134 1825 1290 1866 totum
1317 1816 1510 1880 agmine
1536 1818 1692 1866 denso

411 1899 717 1959 Conplevere
742 1898 921 1958 locum,
944 1899 1181 1960 juxtaque
1206 1897 1376 1946 altaria
1401 1898 1611 1963 Calchas

412 1978 592 2024 Fronte
618 1994 786 2039 parum
812 1978 926 2025 laeta
950 1979 1123 2037 stabat,
1151 1978 1426 2040 ferrumque
1450 1978 1662 2025 tenebat.

413 2056 509 2117 Qui
535 2056 622 2104 tibi
649 2066 783 2105 erant
809 2074 980 2106 sensus
1003 2057 1196 2118 misero,
1224 2074 1308 2106 rex
1331 2057 1513 2120 inclyte
1536 2056 1818 2106 Achivum?

413 2136 612 2199 Cogeris
637 2136 858 2185 inmitem
882 2146 998 2185 nata
1022 2139 1216 2200 placare
1242 2137 1483 2198 Dianam3

412 2219 520 2265 Nec
538 2218 731 2265 valuere
749 2233 932 2278 preces,
953 2234 1116 2279 neque
1136 2218 1269 2279 quod
1289 2234 1401 2279 spes
1419 2217 1580 2266 ‘omnis
1597 2217 1647 2265 in
1666 2235 1814 2283 unam

412 2299 659 2360 Congesta
685 2306 758 2345 est
782 2296 927 2356 illam,
956 2314 1118 2360 neque
1145 2299 1279 2360 quod
1304 2306 1353 2346 te
1378 2297 1533 2360 pn'ma
1556 2299 1750 2348 lacertis

410 2377 641 2441 Inplicuit
664 2378 872 2436 blandis,
900 2378 1059 2439 patrio
1085 2387 1132 2426 et
1157 2387 1205 2426 te
1230 2378 1430 2427 nomine
1455 2378 1579 2428 dixit
1599 2385 1608 2427 l

477 2541 705 2602 Namque
723 2539 820 2598 ubi,
847 2541 891 2586 T
893 2540 961 2600 roj
969 2555 1112 2586 anam
1128 2539 1274 2600 jurati
1294 2539 1578 2589 exscindere
1596 2550 1812 2603 gentem,

411 2619 636 2668 Conlecti
661 2619 821 2667 Danai
849 2617 960 2683 (nec
984 2620 1112 2666 fama
1136 2619 1388 2668 obscurior
1409 2620 1569 2685 annis)
1594 2639 1608 2680 ;
1804 2625 1813 2632 ⁴

411 2700 616 2767 Poenam
640 2698 1114 2760 cepissentcelerem
1137 2697 1229 2746 nisi
1254 2715 1495 2747 marmora
1519 2699 1661 2761 ponti

410 2778 549 2826 Invia
572 2778 799 2827 fecissent
823 2794 964 2837 aurae,
992 2794 1283 2841 cursumque
1307 2788 1587 2843 negassent.
