2028 3230
834 241 926 286 243

348 850 670 911 GREEK
734 850 1417 911 HEXAMETERS.

223 1073 686 1084 ...........
727 1045 757 1064 “
773 1044 924 1084 Vestro
944 1057 1040 1083 nam
1061 1057 1230 1084 munere
1250 1045 1371 1084 tellus

224 1111 454 1152 Chaoniam
474 1113 616 1166 pingui
634 1112 828 1164 glandem
848 1114 1022 1153 mutavit
1043 1113 1455 1154 arista.''-——V1RG1L.

170 1275 333 1327 ΗΔΗ
361 1274 614 1346 τέτρατον
639 1277 780 1346 ἦμαρ
806 1276 910 1343 ἔην,
938 1275 964 1331 ὁ
991 1275 1046 1329 δὲ
1072 1279 1213 1329 κεῖτο
1239 1275 1353 1329 κατ’
1382 1276 1554 1343 αὐλὴν

169 1354 287 1418 οἷος,
315 1358 513 1419 ἄσιτος,
541 1358 785 1416 ἄπαστος
811 1359 1020 1424 ἐδητύος
1044 1358 1135 1426 ἠδὲ
1161 1364 1404 1426 ποτῆτος,

167 1438 281 1493 κὰδ’
308 1439 350 1492 δ’
377 1439 458 1514 ἄρ’
487 1440 688 1509 ἐλέξατ’
717 1441 805 1495 ἐπὶ
840 1441 1102 1515 χθαμαλῇ
1126 1442 1442 1512 βεβλημένῃ
1469 1443 1588 1512 εὐνῇ

167 1522 487 1588 κεκλιμένων
511 1523 734 1596 φύλλων
759 1524 804 1578 τ’
825 1525 954 1591 ὄζων
972 1524 1034 1587 τ’,
1054 1524 1190 1597 ἀτὰρ
1210 1524 1585 1597 ὀφθαλμοῖσιν,

166 1605 255 1663 οὕς
279 1604 337 1659 τέ
362 1605 414 1658 οἱ
435 1606 496 1659 οὐ
518 1606 672 1674 μάλα
707 1607 898 1680 πάκγχυ
922 1606 1063 1679 φίλα
1087 1609 1320 1680 βλέφαρι
1349 1608 1582 1679 ἀμφεκά-

307 1692 474 1760 λυψε,

165 1773 272 1828 τοῖς
298 1770 340 1823 δ’
368 1771 562 1826 εἴδωλά
586 1775 629 1825 τἰ
660 1771 912 1827 ἐπέσσυτ’
939 1773 1133 1846 ὅνειροί
1154 1772 1198 1826 τ’
1226 1774 1584 1844 ἀκριτόμυθοι,

163 1853 308 1927 ἀμφί
329 1854 354 1908 ἑ
377 1856 640 1921 πάπτηνε·
681 1855 1085 1929 στρεφεδίνηθεν
1110 1855 1164 1910 δέ
1189 1856 1240 1910 οἱ
1261 1858 1396 1910 ὄσσε

145 1936 341 2004 ’ἠέλιον
365 1938 640 1993 καταδύντι
671 1939 903 1994 ἐσιδόντι
928 1940 1012 1993 καὶ
1043 1940 1247 2007 ἀνγλαὸν
1271 1939 1424 2013 ὕδωρ.

223 2020 332 2080 “Ως
357 2020 439 2094 ἄρ’
465 2022 796 2081 ἀνακλινθεὶς
821 2023 926 2076 ἴδεν
950 2022 1127 2088 αἰζηὸν
1152 2021 1462 2094 προσιόντα·

163 2102 329 2176 χλώρ’
356 2104 386 2159 ὅ
407 2123 471 2174 ’γε
495 2103 558 2172 δὴ
583 2106 671 2160 καὶ
698 2106 866 2174 ξανθὰ
890 2106 1014 2175 περὶ
1037 2105 1164 2178 χρόῖ
1188 2105 1379 2173 εἵματα
1404 2106 1545 2168 ἕστο,

164 2185 331 2259 αὐτὰρ
356 2189 658 2260 πορφυρέας
682 2188 931 2261 προσέβη
958 2187 1044 2243 διὰ
1070 2188 1252 2246 νυκτὸς
1278 2190 1532 2258 ἀμολνγοῦ,

164 2267 468 2335 δυσομένοιο
493 2271 603 2327 διὲκ
625 2277 879 2343 λαμπρῆς
904 2272 1176 2343 ὑπερίονος
1202 2273 1379 2341 αὐγῆς·

164 2354 239 2423 τῷ
263 2351 318 2405 δὲ
340 2353 508 2426 λόφος
533 2355 830 2428 καθύπερθε
854 2356 1104 2422 μετώπου
1127 2357 1339 2429 χλωρὸς
1365 2355 1544 2415 ἔνευεν,

163 2437 267 2490 κάκ
285 2441 520 2508 κεφαλῆς
540 2438 730 2506 ξανθαί
750 2461 808 2493 τε
827 2440 986 2507 κόμαι
1006 2439 1233 2510 θαλεραί
1254 2437 1298 2490 τ’
1317 2437 1580 2510 ἐκέχυντο·

164 2517 268 2585 στὴ
294 2518 349 2572 δὲ
373 2519 487 2574 κατ’
518 2521 794 2593 ἀντίθυρον
818 2522 1030 2588 κλισίης
1053 2521 1256 2592 ἤθρησέ
1281 2520 1326 2574 τ’
1352 2520 1578 2586 Ἰαύθην·

164 2602 255 2656 τὸν
280 2601 335 2656 δὲ
362 2602 483 2656 ἰδὼν
507 2602 718 2676 ᾤκτειρε
741 2604 870 2674 μάλ’
898 2608 952 2660 ἐν
977 2604 1168 2678 φρεσὶν
1192 2604 1270 2672 ἠδ’
1299 2604 1502 2673 ἐλέαιρε

164 2684 399 2751 τηκεδόνι
424 2690 650 2756 στυγερῇ
677 2687 998 2759 φθινύθοντα
1023 2687 1292 2759 πρόσωπα
1318 2686 1474 2753 δέμας
1506 2707 1576 2747 τε,

165 2768 256 2823 καί
274 2790 366 2837 μιν
391 2768 640 2840 φωνήσας
666 2769 796 2824 ἔπεα
820 2771 1108 2842 πτερόεντα
1130 2767 1423 2841 προσηύδα,

1279 2868 1313 2900 Β
