2028 3230
603 221 763 257 LATIN
802 222 1174 257 HEXAMETERS.
1540 222 1602 268 43

176 345 416 410 Undique
439 343 718 411 praecipites
742 359 939 406 semper
960 341 1213 392 volventia
1236 356 1406 392 cursus

177 427 407 478 Flumina
451 435 739 487 torrentum,
784 423 1170 487 resonantiaque
1222 422 1421 486 agmina
1461 437 1606 484 aqua-

307 525 431 570 rum,

174 594 334 642 Tecta
355 589 489 655 prius
513 587 744 649 tenebriS,
771 588 1014 652 adoperta
1036 585 1319 650 ingentibus
1343 585 1544 645 umbriS,

175 671 506 736 Conspiciunt
530 671 885 732 cumulantque
910 669 1044 718 diem
1069 667 1331 717 formidine
1356 683 1499 715 saeva.

174 754 375 805 Scilicet
397 753 504 816 ipse
529 751 614 801 alti
640 752 907 815 scopuloso
932 750 984 798 in
1009 748 1226 798 culmine
1249 747 1435 797 montis

174 838 319 887 Stans
343 834 555 900 pedibus
579 832 723 882 claris
750 831 1029 896 Hyperion,
1055 830 1277 893 undique
1301 831 1463 878 luctus

177 919 440 968 Lustrabat
463 915 634 965 nitidae
658 914 944 979 spectacula
968 912 1134 976 qualia
1156 911 1255 960 luci

178 998 481 1059 Prodiderat,
507 998 671 1046 lucem
697 995 766 1044 sic
791 1004 1016 1044 aversata
1038 1002 1350 1057 repertam—-

177 1079 423 1140 Flexibus,
450 1077 657 1142 antiquo
683 1077 977 1126 Nomadum
1000 1077 1063 1124 de
1088 1091 1240 1135 more,
1269 1073 1473 1123 resectis

177 1163 376 1211 Auratae
399 1161 577 1209 fulsere
603 1175 774 1219 comae,
801 1157 1011 1222 regalior
1034 1156 1140 1220 ipse

179 1243 447 1306 MaJestate
471 1258 562 1291 suo
586 1240 780 1290 medius
806 1240 1072 1304 splendore
1096 1254 1303 1287 corusca

177 1323 415 1375 Constitit
438 1324 614 1372 umbra
637 1322 826 1386 ingens,
852 1330 993 1370 vasto
1020 1337 1111 1370 ceu
1137 1335 1343 1382 corpore
1368 1327 1558 1368 vastam

179 1403 469 1454 Memnonis
495 1403 705 1467 effigiem
730 1402 770 1452 si
796 1403 1000 1466 quando
1026 1403 1132 1451 sole
1157 1402 1370 1451 cadente

177 1486 407 1551 Adspicit
432 1487 540 1535 an
562 1485 767 1534 veniens
794 1485 857 1533 de
881 1493 1021 1548 parte
1045 1484 1213 1532 viator.

180 1569 480 1619 Maesta'nec
503 1567 586 1616 ille
609 1566 773 1615 minus
797 1564 986 1614 cithara
1010 1564 1216 1628 suspiria
1238 1563 1365 1613 fudit

181 1647 488 1710 Memnonia,
515 1647 763 1712 adjunctis
788 1646 966 1712 palmis
992 1647 1112 1695 dum
1135 1645 1369 1710 praescius
1393 1661 1495 1694 uno

181 1731 347 1781 Haesit
369 1729 422 1779 in
446 1732 625 1780 obtutu
649 1745 814 1793 neque
838 1745 964 1778 voce
990 1727 1186 1777 silentia
1209 1727 1351 1791 rupit.

180 1814 440 1863 Pulsorum
463 1821 539 1862 ast
562 1811 740 1861 iterum
763 1810 991 1860 cecidere
1014 1809 1214 1859 adflicta
1238 1810 1446 1858 deorum

181 1895 348 1944 Corda
370 1903 519 1955 metu,
547 1910 714 1958 regem
738 1902 1006 1958 postquam
1028 1891 1197 1940 videre
1222 1890 1322 1940 diei

181 1977 462 2040 Dejectum‚
491 1985 541 2025 et
564 1975 706 2024 multi
729 1974 994 2023 manifesto
1018 1991 1048 2022 a
1070 1972 1256 2022 lumine
1279 1973 1443 2021 vultus

180 2060 418 2106 Avertere
441 2057 541 2117 diu,
569 2057 734 2106 donec
758 2058 887 2105 ferus
912 2055 1111 2119 agmina
1134 2056 1335 2103 fratrum

182 2140 277 2187 Per
298 2138 466 2188 media
490 2139 772 2187 Enceladus
796 2136 1096 2202 fulgentibus
1121 2135 1315 2200 ignibus
1340 2151 1476 2184 acres

183 2222 302 2269 Huc
325 2219 442 2268 illuc
466 2228 695 2283 torquere
720 2220 907 2279 oculos,
936 2235 1036 2281 quo
1060 2217 1264 2266 numine
1288 2216 1413 2266 moti

183 2304 401 2365 Iapetus,
430 2302 685 2364 Creiisque
711 2300 869 2360 simul,
899 2301 1221 2362 Phorcusque
1244 2298 1475 2358 marinus,

184 2382 415 2433 Protinus
437 2382 694 2432 horrendis
719 2382 990 2446 spatiantes
1013 2381 1262 2445 gressibus
1284 2397 1400 2441 una,

182 2466 354 2516 Ardua
377 2465 599 2515 sublimis
623 2465 871 2530 petierunt
895 2465 1113 2514 culmina
1138 2464 1266 2514 Divi.

185 2549 314 2598 Inde
336 2547 423 2597 ubi
446 2547 640 2597 Saturni
664 2564 848 2597 nornen
874 2549 1090 2596 clamore
1112 2555 1350 2596 vocarant

183 2630 432 2691 Quattuor
454 2627 645 2689 annosi,
676 2632 704 2654 ‘⁴
720 2631 984 2679 Saturnum
1004 2630 1050 2677 !''
1086 2645 1117 2677 a
1139 2627 1323 2677 vertice
1349 2636 1522 2676 contra

186 2710 465 2761 Horrisona
488 2709 798 2774 ingeminans
825 2710 1087 2775 Hyperion
1111 2726 1236 2760 voce
1260 2725 1348 2773 per
1371 2725 1526 2767 auras,
