2028 3230
371 261 466 305 442
588 259 819 305 NICOLAI,
858 260 1136 294 RUSSORUM
1176 262 1342 308 REGIS,
1380 264 1579 299 OBITUS.

374 379 632 439 Emeritus‚
661 379 770 427 cani
796 380 872 427 cui
899 380 1099 443 cingunt
1125 398 1209 430 ora
1234 382 1414 444 capilli,

372 462 621 522 Tempora
644 459 722 507 cui
748 462 955 509 frontem
981 462 1111 525 rugis
1136 472 1184 511 et
1207 463 1328 511 dura
1353 464 1544 513 notavit

378 539 570 599 Militia,
599 550 647 591 et
671 540 846 589 faciem
868 543 1047 605 vulnus
1072 542 1297 606 designat
1319 544 1597 594 honestum.

381 621 505 669 Inde
530 637 678 668 manu
704 623 930 669 feretrum
956 633 1163 685 tangens
1188 623 1257 670 sic
1282 624 1399 672 talia
1422 626 1576 675 fatur:

385 701 562 762 “Quin
587 703 769 751 ululate
790 705 1002 750 omnes?
1051 703 1289 770 Lacrimis
1314 721 1376 753 ne
1400 706 1587 768 parcite
1602 707 1790 757 crebris'

381 783 505 842 Quis
530 782 670 844 perit,
699 799 815 830 ecce
837 787 845 830 ἒ
881 799 1088 845 parens:
1125 793 1266 832 tanto
1290 794 1455 835 tamen
1481 786 1590 850 ipsa
1611 789 1770 838 dolori

382 863 607 911 Flumina
632 863 862 911 deficiant
883 883 891 911 ε
929 863 1114 912 iramne
1139 866 1409 914 accendere
1434 867 1596 916 verbis

380 945 644 991 Possumus
670 953 717 991 et
743 943 989 992 lacrimis?
1027 944 1065 992 si
1090 962 1366 1007 possumus,
1392 964 1548 1011 usque
1571 950 1782 1003 furorem

380 1026 732 1084 Exacuemus,''
757 1025 836 1073 ait.
913 1030 941 1050 “
960 1026 1109 1086 Quid,
1138 1027 1176 1073 si
1204 1029 1490 1076 exultaverit
1514 1030 1705 1079 hostis?

379 1106 527 1166 Quid,
554 1105 594 1153 si
619 1107 884 1154 dedecoret
908 1123 1088 1155 nomen
1108 1110 1128 1156 ?
1165 1109 1374 1170 perjuria
1398 1119 1535 1158 tanta

375 1186 667 1234 Insimulent
690 1187 863 1246 verbis,
892 1197 940 1235 et
966 1188 1169 1237 crimina
1194 1191 1308 1237 ficta
1331 1192 1573 1254 perempti

378 1270 436 1314 In
462 1268 649 1316 cineres
670 1287 678 1315 :
720 1271 731 1293 ‘
749 1270 986 1316 Nostrum
1013 1279 1087 1318 est
1111 1287 1286 1332 pacem
1311 1273 1509 1321 laudare
1535 1275 1763 1323 sedentes

379 1350 469 1396 Ille
494 1349 638 1396 armis
664 1348 710 1396 in
739 1366 890 1411 regna
914 1350 1007 1398 ruit
1028 1370 1036 1399 :
1075 1351 1192 1413 quid
1219 1352 1438 1414 cogimus
1461 1355 1587 1402 ultra

378 1430 935 1480 Consilium?'—Periit
960 1449 1076 1480 sane
1101 1452 1110 1481 z
1148 1434 1399 1483 decorabit
1423 1436 1612 1486 honore

378 1511 690 1559 Patria.——At
715 1512 950 1562 insultant
975 1514 1149 1575 verbis,
1179 1524 1226 1563 et
1252 1506 1452 1565 crimine
1476 1518 1675 1578 laedunt,

376 1592 682 1654 Infernisque
707 1598 1216 1655 vovent.—Voveant,
1245 1613 1430 1659 precor,
1457 1606 1674 1647 attamen
1699 1598 1768 1647 illi

377 1675 422 1719 N
427 1673 552 1721 aenia
570 1674 751 1722 flumen
773 1675 860 1724 erit
879 1679 923 1737 ²¹²,-
949 1679 1163 1725 tumulus
1187 1688 1607 1742 monumentaque
1631 1679 1754 1728 muri
1771 1698 1785 1741 ;

375 1756 694 1817 rEternaeque
718 1756 869 1816 nives,
897 1758 1120 1807 funebria
1143 1758 1308 1819 lintea,
1337 1759 1551 1822 cingent.
1767 1766 1769 1768 ’

377 1835 472 1883 Sed
499 1836 676 1885 cecidit
699 1856 708 1884 :
744 1854 862 1885 num
879 1840 1012 1886 bella
1031 1856 1220 1899 canam,
1242 1856 1361 1887 num
1380 1840 1552 1902 proelia
1574 1840 1784 1903 primum

379 1917 606 1978 Eloquar,
635 1935 699 1967 an
723 1936 899 1981 pacem
915 1921 1234 1969 ?——rursusne
1259 1921 1441 1969 levabit
1465 1921 1515 1968 in
1539 1921 1684 1969 armis

378 1998 524 2045 Persa
551 2009 711 2061 caput,
739 2009 927 2048 tantam
954 2000 1037 2063 qui
1063 2002 1257 2049 cladem
1275 2005 1304 2058 †
1329 2001 1574 2064 acceperit
1597 2001 1767 2061 hostis,

375 2078 698 2141 Tranaritque
722 2089 826 2128 atro
854 2090 1163 2143 spumantem
1189 2081 1423 2144 sanguine
1447 2083 1695 2130 Araxem?

376 2156 491 2205 Vidi
517 2175 608 2221 ego
633 2169 685 2208 ut
709 2172 908 2210 armatae
938 2172 1170 2211 steterant
1196 2164 1352 2210 denso
1376 2161 1570 2224 agmine
1594 2171 1781 2222 turmae,

376 2239 679 2302 AEtheraque
704 2240 960 2303 inplebant
985 2252 1124 2291 vasto
1151 2244 1362 2290 clamore
1387 2243 1608 2303 rebelles,

377 2320 516 2379 Quos
540 2337 701 2383 neque
726 2322 941 2369 delenire
968 2323 1132 2381 duces,
1160 2338 1320 2384 neque
1345 2323 1538 2371 flectere
1562 2339 1771 2386 aruspex

375 2401 514 2448 Voce
538 2401 665 2449 feros
690 2410 894 2464 poterat,
924 2403 1193 2450 clamantes
1217 2402 1435 2464 undique
1463 2407 1474 2428 ⁴
1492 2405 1683 2466 Regem
1706 2407 1709 2410 ’

430 2588 455 2613 *
545 2591 573 2608 “
587 2589 684 2629 And
704 2594 828 2630 rivers
848 2591 965 2630 teach
985 2591 1090 2630 their
1108 2592 1277 2643 rushing
1295 2605 1410 2631 wave

593 2655 657 2693 To
678 2668 860 2694 murmur
879 2656 1012 2706 dirges
1032 2656 1163 2694 round
1183 2655 1246 2694 his
1266 2669 1399 2707 grave.
1410 2655 1476 2684 ''—
1492 2656 1653 2696 SCOTT.

430 2716 456 2762 †
485 2717 542 2755 At
572 2718 642 2757 the
662 2719 791 2759 battle
811 2720 859 2758 of
882 2719 1197 2771 Elisabethpol:
1226 2721 1347 2759 when
1375 2720 1444 2759 the
1476 2720 1641 2759 Persian
1670 2732 1779 2769 com-

374 2781 544 2820 mandet
562 2784 736 2835 escaped
756 2785 855 2824 with
874 2784 938 2823 his
957 2784 1026 2824 life
1046 2797 1143 2824 over
1161 2785 1231 2824 the
1254 2786 1370 2824 Aras.
