2028 3230
604 267 781 302 GREEK
818 266 1186 302 HEXAMETERS.
1507 255 1600 316 267

181 387 259 441 Οἱ
312 386 356 441 δ’
402 386 478 441 ἔτι
542 389 795 455 σιΎῶντες
855 386 994 441 κατὰ
1037 385 1100 454 δὴ
1144 387 1339 452 στίβον
1382 385 1602 459 ἔστιχον

321 469 506 523 αἰὲν-

177 557 351 608 τοῖσιν
375 553 457 621 ἄρ’
484 552 510 605 ὁ
538 553 775 623 Βρουκὴς
800 553 931 607 ἔπεα
955 551 1244 623 πτερόεντα
1269 551 1562 623 προσηύδα·

178 642 209 665 “
227 637 463 709 Φράζετε
488 639 592 698 νῦν,
622 637 793 705 ξεῖνοι,
820 637 955 693 τίνες
981 635 1199 704 ἔμμεναι
1226 635 1571 707 εὐχετάασθε,

174 719 235 788 ἠὲ
260 719 478 793 τάχιστ’
499 720 590 791 ἂψ
617 720 762 777 ἐκτὸς
787 720 1086 789 ἀταρπιτοῦ
1112 719 1276 772 εἴκετε
1302 718 1485 786 ἔμπης·

175 803 278 876 οὐχ
302 802 376 856 ὅτ’
404 802 470 856 ἀν
494 802 755 871 ἀλλήλοις
782 804 837 856 ἐν
862 803 1071 874 ἐρήμοις
1096 801 1348 856 ἀντιόωσι

174 884 276 943 τὼς
300 887 530 956 παρίασι
553 885 757 958 βροτοὶ,
787 885 856 944 ὡς
881 885 1133 958 ἡσυχίαις
1158 886 1212 939 ἐν
1236 885 1495 954 ἀὙυιαῖς.”

171 971 340 1040 μῦθον
364 970 639 1031 ἀκούοντες
663 971 913 1046 χαλεπὸν
937 971 1073 1026 τόνδ’
1101 972 1318 1041 ἔμπεδοι
1344 972 1522 1033 ἔσταν,

173 1054 341 1125 αὐτὰρ
367 1054 561 1109 ἔπεσσι
586 1059 778 1117 κακοῖς,
807 1055 1045 1124 ὀλίγοισί
1063 1077 1137 1121 τε,
1166 1054 1519 1120 δεικανόωντο,

173 1137 242 1195 ὡς
266 1137 570 1208 τρομέοντες
594 1137 713 1205 μὴν,
742 1139 941 1207 ἐτύμως
967 1137 1009 1191 δ’
1038 1139 1132 1191 οὐκ
1155 1137 1260 1209 ἦρα
1286 1138 1545 1210 φέροντες·

173 1229 203 1251 “
219 1219 407 1287 Ἡμεῖς
456 1220 516 1283 δ’,
567 1222 637 1279 ὡς
683 1223 871 1295 χύμεῖς
920 1221 1070 1276 αὐτοὶ
1119 1221 1244 1295 τάχ’
1294 1221 1391 1292 ἄρ’,
1435 1222 1595 1290 ἐσμὲν

314 1304 526 1370 ἀλῆται,

171 1385 343 1439 ἐνθάδ’
370 1386 707 1454 ἐλαυνόμενοι
731 1389 914 1456 πνοιῇς
943 1386 1032 1440 καὶ
1057 1387 1260 1453 κύμασι
1284 1387 1495 1440 πόντου·

171 1468 346 1527 δαιτὸς
373 1467 431 1531 δ’,
459 1469 508 1523 εἴ
528 1468 574 1523 κ’
602 1468 819 1536 ἐθέλητε
840 1468 956 1538 μεθ’
983 1470 1131 1536 ἡμῶν
1155 1472 1533 1537 ἀντιβολῆσαι,

169 1550 410 1620 βουλόμε
445 1550 458 1570 ’
484 1552 605 1619 ὑμῖν
630 1551 783 1620 τήνδε
807 1551 1055 1616 νέμεσθαι
1080 1553 1328 1606 ποίκιλον
1353 1553 1571 1606 ἕλλον.”

172 1633 449 1689 “”Ηλθετε
482 1633 525 1687 δ’
551 1634 599 1688 εἴ
630 1633 680 1703 «γ’
706 1634 794 1706 ἀφ’
827 1636 956 1692 ἁλὸς
993 1641 1099 1690 ποῦ
1138 1639 1256 1700 νηῦς
1293 1637 1335 1707 ῥ’
1371 1636 1591 1702 ἔστηκεν

313 1717 430 1783 ἐίση
450 1719 507 1780 ‚·”

170 1806 199 1829 “
218 1802 409 1855 Κεῖται
433 1799 515 1873 ἄρ’
542 1801 597 1854 ἐν
621 1801 853 1865 βυσσοῖς
877 1799 995 1868 τῆλ’
1023 1802 1233 1859 οἴνοπος
1257 1800 1549 1863 Ὠκεάνοιο,

167 1883 327 1956 χθιζὰ
353 1882 754 1957 διαρραισθεῖσ’,
781 1884 927 1952 ἡμεῖς
953 1883 1009 1938 δὲ
1033 1884 1116 1938 τοὶ
1142 1884 1303 1953 ἐσμὲν
1326 1884 1398 1939 ἔτ’
1426 1887 1573 1941 οὔπω

168 1965 405 2021 κίνδυνον
429 1966 667 2039 τρομέειν
691 1965 818 2020 ἀλλ’
845 1966 1007 2035 ἔμμεν
1031 1968 1290 2040 ἀταρβέες
1315 1968 1430 2023 αιέί.

167 2048 341 2116 ἠέλιός
365 2048 413 2122 ῥ’
438 2049 536 2117 ἤδη
562 2049 740 2104 δύεται
765 2050 854 2104 καὶ
880 2050 969 2104 ἐπὶ
995 2050 1190 2122 κνέφας
1217 2051 1388 2104 ἵκει-

168 2132 391 2205 φράζετέ
415 2131 460 2187 τ’
482 2133 529 2188 εἰ
553 2138 644 2189 νῦν
669 2133 742 2192 εἰς
767 2134 982 2201 κλισίην
1005 2133 1275 2200 βούλεσθε
1301 2135 1510 2189 νέεσθαι
1532 2138 1586 2198 ;”

166 2225 197 2245 “
212 2217 360 2282 Νηῦς
385 2238 467 2271 τοι
492 2216 574 2271 ἐπ’
602 2217 832 2290 ἐσχατίῃ
857 2216 1068 2287 λιμένος
1093 2216 1140 2288 ῥ’
1171 2219 1392 2285 ἔστηκεν
1418 2220 1550 2285 ἐΐση,

167 2298 315 2352 ἀλλὰ
362 2300 520 2373 χάρις
567 2301 666 2370 μὲν
714 2299 864 2355 τῶνδ’
909 2300 1021 2354 ἀντ’
1066 2301 1228 2363 ἐστὶν,
1279 2302 1494 2374 χαίρετε
1545 2301 1587 2354 δ’

310 2382 513 2437 αὐτοί.”

234 2464 472 2535 Τμετέρη
498 2464 668 2533 δήπου
693 2471 814 2532 νηῦς
840 2467 900 2520 οὐ
925 2467 1076 2535 μάλα
1101 2467 1234 2533 τηλό
1272 2467 1285 2485 ’
1311 2467 1404 2522 ἀπ’
1423 2469 1585 2532 ἀκτῆς

166 2546 298 2614 ἔστη
325 2547 439 2601 ἐπεὶ
465 2547 554 2601 ἐπὶ
579 2548 642 2615 δὴ
666 2549 1026 2622 χρυσόθρονος
1052 2550 1275 2623 ἕσπερος
1300 2551 1464 2618 ἢλθεν
1486 2553 1540 2611 ;''

170 2629 286 2683 “'H
330 2630 402 2702 ῥά
444 2652 507 2684 νυ
547 2630 628 2700 ἥδ’
666 2632 957 2698 ἔστη.”’-“
974 2633 1220 2687 Φεῶεσθ’
1265 2631 1346 2704 ἀρ’
1389 2633 1585 2686 ἐτώσια

309 2714 540 2783 κάμνειν,

166 2798 328 2853 αὐτοῦ
350 2797 455 2870 γὰρ
481 2798 655 2865 κείνην
679 2797 943 2867 διζήμεναι
969 2798 1118 2853 οὐδὲν
1144 2798 1337 2864 ὀνήσει,

168 2462 230 2494 ‘c‘
