2028 3230
920 236 1008 294 189

579 927 903 988 GREEK
959 929 1358 989 IAMBICS.

556 1126 584 1145 “
600 1125 734 1164 Furiis
753 1127 932 1178 agitatus
953 1125 1376 1166 Amor.'’-—V1RG1L.

325 1287 487 1340 ΤΡΟ.
526 1286 686 1342 Εἶδον
746 1288 807 1342 τὸ
869 1288 1073 1362 τραῦμ’,
1129 1289 1330 1343 ἐσεῖδον
1379 1288 1678 1359 ὀφθαλμοῖς

411 1369 425 1387 ,
496 1373 517 1387 Α

398 1391 556 1438 εμοις,

254 1452 386 1505 ἴστω
411 1452 507 1520 μὲν
532 1452 559 1505 ὁ
587 1451 730 1518 Ζεὺς,
759 1456 932 1507 τοῖσιν
957 1454 1211 1525 ἀνδρείοις
1236 1453 1326 1509 ἔπι

254 1534 569 1605 στέρνοισιν·
597 1535 820 1608 οἰκτρὸν,
849 1536 1059 1609 οἰκτρὸν
1083 1538 1149 1605 ἢν
1175 1535 1323 1606 θέαμ’
1352 1537 1489 1591 ἰδεῖν·

253 1616 425 1691 ὠχρὸς
448 1618 567 1687 Γγὰρ,
595 1620 782 1691 ὠχρὸς,
810 1619 994 1692 ὥσπερ
1021 1621 1081 1674 οὐ
1106 1620 1276 1692 τέφρα
1300 1621 1448 1681 ποτὲ,

253 1701 536 1773 προῦκειτο
562 1701 753 1774 νεκρὸς,
782 1702 1222 1773 κάμπεφυρμένος
1248 1703 1408 1774 φόνῳ,

254 1783 398 1856 φόνῳ
423 1784 628 1857 διαίμῳ·
669 1789 735 1856 τῇ
762 1785 856 1859 θέᾳ
880 1784 923 1839 δ’
950 1785 1260 1854 ἀπείπομεν.

328 1951 476 2004 ΙΟΤ.
517 1951 869 2023 Διαρρανγείης
895 1951 974 2012 ἂν,
1003 1951 1232 2005 τάλαινα
1258 1950 1460 2024 καρδία,

256 2031 345 2098 ἴθ’,Ι
366 2031 408 2086 ὦ
433 2033 692 2096 πάνωλες,
719 2034 788 2092 ὡς·
812 2035 978 2107 τάχος
1003 2034 1303 2107 διαρραὙῇς·

257 2118 564 2179 σκοτοῦσθε,
591 2117 861 2190 βλέφαρα,
887 2115 1007 2185 μηδ’
1035 2117 1307 2190 ἐλεύθερον
1331 2117 1501 2170 πάλιν

256 2197 502 2270 δέρκεσθε
527 2199 736 2272 φέγγος·
775 2200 1020 2269 σώματος
1046 2204 1255 2272 φαῦλον
1279 2200 1449 2272 βάρος

257 2282 309 2338 ἐς
331 2285 445 2350 γῆν,
472 2283 694 2355 ὅθενπερ
719 2282 893 2350 ἦλθες,
921 2284 1190 2355 ἀναχώρει
1215 2283 1399 2337 πάλιν·

257 2363 319 2418 τὸ
346 2366 434 2430 ζῆν
456 2366 730 2428 τελείσθω,
759 2366 894 2435 κάμὲ
916 2365 1202 2434 Ῥωμεῶνά
1227 2387 1286 2420 τε

258 2444 334 2500 δύ’
359 2446 476 2500 ὄντε
501 2447 726 2518 κρύπτοι
750 2449 1012 2523 δυσχερὴς
1038 2450 1194 2520 σορὸς
1218 2448 1332 2517 μία.

331 2613 494 2665 ΤΡΟ.
534 2611 802 2678 Τύβαλτε,
825 2613 1044 2685 φίλταθ’
1065 2616 1137 2670 ὧν
1164 2615 1338 2686 φίλων
1364 2611 1507 2686 εἶχόν
1535 2632 1678 2668 ποτε,

259 2693 301 2748 ὦ
326 2694 607 2765 πρεύμενες
630 2695 896 2762 Τύβαλτε,
925 2702 1162 2765 (γενναῖον
1188 2696 1338 2768 καρὰ,

260 2781 375 2849 φεῦ,
403 2781 503 2848 φεῦ
527 2778 588 2831 τὸ
614 2778 703 2832 καὶ
730 2780 817 2847 ζῆν
841 2778 968 2834 ὥστ’
998 2779 1122 2834 ἰδεῖν
1148 2778 1375 2833 θανόντα
1399 2797 1477 2829 σε.
