2028 3230
694 265 698 270 ,
748 229 927 263 GREEK
964 229 1188 264 IAMBICS.
1595 234 1679 265 101

255 347 418 416 αὐτῆς
443 347 816 421 συνηγόροισιν
840 349 1208 418 ἐξαιτουμένης

255 433 446 493 λιταῖς,
473 431 724 504 πατρῴας
748 436 845 499 γῆς
871 433 935 485 σὲ
959 432 1033 501 μὴ
1060 431 1273 502 φεύγειν
1297 431 1462 503 ὅρους,

257 512 326 571 ὡς
349 512 697 586 προσπόλους
723 514 982 582 δύστηνον
1008 517 1059 574 ἐς
1085 514 1308 584 δεσμοὺς
1333 516 1493 587 κόρην

259 594 408 664 ἄγειν
433 601 698 660 κελεῦσαι,
725 598 890 652 πόλλ’
917 597 1270 667 ἀπειλήσαντ’
1298 599 1415 666 ἔπη,

260 678 330 738 ὡς
353 679 546 754 χρόνια
571 686 740 736 ταῦτα
767 681 846 735 δεῖ
868 683 1045 754 φέρειν
1070 681 1409 752 δεσμώματα.

334 846 511 900 ΦΑΛ.
552 846 777 901 Παύσαι
803 846 926 920 τάχ’
955 848 1098 917 εἰμὴ
1133 853 1226 903 νῦν
1262 847 1439 916 λέγειν
1476 847 1691 916 μέλλεις

413 929 435 947 ‚1

407 951 533 988 επος

261 1013 338 1084 τῷ
361 1011 502 1067 τοῦδ’
528 1013 754 1085 ἀπότμῳ
780 1013 1205 1084 δυσμενέστατον
1229 1013 1352 1085 βίῳ,

263 1094 318 1148 ἐν
343 1094 445 1149 ὠσὶ
472 1101 628 1152 τοῦτο
654 1095 698 1150 δ’
726 1097 874 1170 εἴπερ
901 1099 1090 1171 ἐξερεῖς
1116 1098 1343 1170 φράσον,

263 1177 332 1236 ὡς
357 1178 533 1247 ὕμνον,
563 1178 763 1249 ἄλγους
788 1181 957 1254 τέρμα
982 1179 1118 1236 τοῦδ’
1146 1181 1442 1253 ἀτέρμονος.

336 1345 511 1399 ΠΡΩ.
553 1343 710 1399 Ἀλλ’
756 1347 848 1401 οὖν
892 1345 976 1408 σὺ,
1024 1347 1320 1414 τάναγκαῖα
1369 1346 1443 1413 μὴ
1489 1345 1692 1417 θρηνῶν

405 1428 582 1495 μάτην

262 1511 472 1582 σκέψαι
498 1510 595 1567 τιν’
621 1512 794 1580 ἀλκὴν
817 1514 985 1585 ἤνπερ
1013 1511 1223 1585 ἐξεύρῃς
1249 1513 1427 1564 κακῶν

261 1592 334 1648 ὧν
360 1598 450 1649 νῦν
477 1595 547 1649 σὺ
573 1595 789 1668 θρηνεῖς·
829 1594 987 1650 πάνθ’
1013 1593 1040 1648 ὁ
1067 1597 1381 1666 παγκρατὴς
1404 1593 1596 1666 χρόνος

263 1677 354 1732 ἰὼν
379 1682 652 1733 τεκνοῦται
676 1678 832 1734 κεδνὰ
858 1677 1385 1752 πρευμενὴςτροφός·

261 1760 351 1814 σοὶ
373 1758 417 1813 δ’
444 1759 616 1816 ἐνθάδ’
642 1763 737 1816 οὐκ
762 1762 938 1831 ἔξεστι
965 1762 1235 1834 φιλτάτην
1262 1761 1389 1831 ὁρᾶν

261 1845 421 1918 κόρην
445 1845 668 1912 μένοντι·
709 1847 797 1900 καὶ
822 1846 992 1915 μένων
1020 1846 1180 1909 θανεῖ,
1208 1844 1335 1910 βίου

261 1927 499 2000 πρόσθεν
524 1929 796 2001 στερηθεὶς
821 1933 916 1984 τοῦ
942 1928 1276 1985 καθεστῶτος
1301 1926 1510 2000 χρόνου.

263 2011 418 2069 ἐλπὶς
443 2010 486 2064 δ’
513 2013 742 2084 ἐραστοῦ
768 2017 1060 2083 σκῆπτρον·
1098 2012 1163 2080 ἢν
1186 2012 1379 2075 λαβὼν
1405 2010 1479 2063 ἴθι

261 2094 346 2148 ἀεί
367 2092 412 2149 τ’
439 2094 635 2166 ἐρείδου
659 2094 796 2165 τῇδε,
824 2093 1106 2164 κάξέλαυν’
1134 2096 1246 2161 ἅμα

261 2178 692 2248 προσιζάνουσαν
716 2182 831 2237 ταῖς
858 2179 1051 2250 φρεσὶν
1077 2176 1388 2245 δυσθυμίαν.

261 2261 352 2315 καὶ
378 2266 480 2316 σοῦ
503 2259 553 2330 γ’
579 2262 808 2320 ἀπόντος
834 2260 947 2315 ἔσθ’
976 2263 1114 2331 ὅμως
1142 2260 1435 2317 ἐπιστολὰς

261 2343 344 2398 ἀεὶ
369 2349 631 2418 παρεῖναι·
669 2344 835 2398 τάσδε
859 2344 1200 2416 πεμφθείσας
1224 2343 1416 2408 λαβὼν

261 2427 571 2482 πάλλευκον
595 2427 750 2486 αὐτὸς
776 2424 1256 2501 προσφιλεστάτης
1283 2427 1385 2495 ἐγὼ

261 2511 390 2564 οἴσω
417 2511 640 2578 κομίζων
665 2510 814 2570 εὐθὺς
840 2512 891 2569 ἐς
917 2512 1142 2584 στέρνον
1169 2510 1339 2583 κόρης.

0 2651 5 2654 ,
259 2592 333 2660 μὴ
360 2593 493 2661 δῆτα
515 2594 671 2662 λέξον
695 2593 860 2648 τοῖσδ’
889 2593 1156 2651 ἐναντίους
1180 2592 1388 2662 λόγους,

0 2668 23 2752 ἕ
261 2676 322 2729 οὐ
347 2680 437 2731 νῦν
459 2675 564 2747 γὰρ
590 2677 739 2745 ἀρκεῖ
762 2677 957 2750 καιρός·
997 2676 1127 2731 ἀλλ’
1157 2675 1239 2738 ἴθ’,
1268 2675 1308 2729 ὦ
1335 2676 1475 2746 φιλε,

0 2766 13 2825 ’ᾗ
260 2758 469 2818 πόλεως
493 2758 807 2831 προπέμψω
835 2759 887 2813 σ’
914 2762 1076 2818 αὐτὸς
1104 2760 1172 2817 εἰς
1200 2757 1377 2815 πύλας
1408 2757 1468 2810 ἰώ
1480 2780 1521 2810 ν.

0 2845 17 2914 ’ξ
930 2862 963 2893 H
1007 2861 1030 2891 2
