2028 3230
663 253 837 289 GREEK
878 253 1102 289 1AMss1cs.
1500 255 1556 298 31
1575 254 1593 284 1

169 374 302 443 ’γυνὴ
327 373 496 429 διεῖπε
518 372 780 446 μητρόθεν
805 371 1096 442 δεδεγμένη.

173 458 328 523 οἴμοι.

172 539 231 595 τί
249 544 407 596 τοῦτο
426 564 444 604 ,·
483 539 574 595 καὶ
596 538 701 611 *γὰρ
727 539 775 594 εἰ
797 539 858 594 τὸ
883 542 995 593 πᾶν
1018 540 1310 608 λελέξεται,

173 627 277 681 οὐκ,
294 625 444 681 ἔστιν
467 625 538 685 ὡς
561 624 698 681 τόνδ’
724 625 872 681 οὐδὲν
896 626 930 694 ἢ
957 625 1122 681 θᾶκον
1145 625 1385 692 βλέπεις.

247 793 371 845 AN.
405 791 527 846 Ἔα·
558 791 616 846 τί
651 795 838 864 φωνεῖς
857 816 875 855 ,·
919 793 1022 866 οὐχ
1060 791 1224 865 ὁρᾷς,·
1266 789 1606 864 πρόσλευσσ’

321 874 416 929 ἔτι.

177 958 235 1012 τί
254 957 297 1012 δ’
318 959 387 1013 αὖ
410 958 562 1028 μέλει
585 980 677 1024 μοι
695 981 713 1021 ,·
753 957 843 1012 καὶ
866 957 971 1029 «γὰρ
998 958 1044 1012 εἰ
1069 958 1233 1012 νεύειν
1258 957 1413 1031 ἔχεις,

176 1041 260 1113 ἆρ’
286 1040 347 1096 οὔ
372 1063 425 1096 τι
450 1044 639 1113 φωνεῖς
658 1064 675 1104 ‚·
713 1039 779 1108 ἢν
804 1040 859 1095 δὲ
886 1045 979 1096 τοῦ
1004 1042 1376 1110 τυμβεύματος

177 1123 529 1196 κατασκαφὴς
553 1124 758 1190 οἴκησις
784 1123 1076 1193 ἐκπέμπειν
1100 1124 1205 1196 ἄρα

177 1207 298 1266 τοὺς
324 1207 643 1279 ἐνταφέντας
669 1208 721 1264 ἐς
746 1207 883 1279 φάος
909 1207 1119 1278 νεκροὺς
1146 1207 1262 1281 ἔχῃ,

177 1293 364 1359 ’γυπῶν
388 1289 610 1362 ἄριστον
635 1288 795 1361 ἔντερ’
822 1289 1087 1361 αἱρεῖσθαι
1115 1291 1330 1362 τάφους.

251 1468 427 1521 ΑΝΑ.
467 1467 539 1522 Τί
582 1469 738 1521 τοῦτο
793 1467 1022 1534 μανίας;
1081 1471 1177 1520 ποῖ
1231 1465 1273 1518 δ’
1322 1464 1601 1537 ἀνανδρίας

326 1552 475 1623 φέρει
495 1575 512 1613 ,·

254 1717 377 1770 AN.
409 1714 645 1785 ”Ομνυμ’
674 1715 797 1771 ἰδών
822 1737 902 1770 νιν
929 1714 1044 1768 ὦδε.

256 1884 433 1936 ΑΝΑ.
1049 1883 1160 1934 Φεῦ
1186 1885 1278 1948 τῆς
1302 1881 1516 1951 μωρίας.

254 2050 377 2103 ΑΝ.
419 2047 530 2102 Καὶ
554 2046 617 2115 δὴ
635 2048 813 2101 πάλαι
833 2048 893 2101 τὸ
913 2046 1151 2117 πρόσθεν
1176 2046 1280 2115 αἷμ’
1310 2045 1611 2114 ἠκούσαμεν

181 2129 345 2185 πόλλ’
371 2131 660 2205 ἐκχυθῆναι
684 2131 811 2204 πρίν
835 2152 897 2198 «γε
922 2130 1042 2188 τοὺς
1068 2130 1430 2202 ἀνθρωπίνους

180 2213 368 2281 νόμους
393 2214 666 2286 καθεῖρξαι
691 2218 971 2284 πρευμενεῖ
995 2213 1318 2285 καθάρματι.

184 2295 374 2369 φόνους
399 2296 454 2351 δὲ
478 2295 684 2351 κᾶπειτ’
710 2296 744 2364 ἢ
770 2297 951 2352 κλύειν
976 2297 1258 2369 αἰσχίονας

186 2379 257 2434 ἔτ’
285 2380 592 2450 ἐξέπραξαν·
622 2381 696 2448 ἦν
722 2377 765 2432 δ’
792 2378 868 2432 ὅτ’
895 2381 947 2435 ἐς
974 2378 1134 2433 πέδον
1159 2379 1344 2446 μένους

185 2462 414 2531 μέλανος
438 2462 646 2535 ῥέοντος
672 2461 855 2517 ἔθανεν
881 2462 1121 2531 εἰσάπαξ
1144 2462 1293 2533 ἀνὴρ,

187 2545 341 2603 τέλος
365 2543 422 2598 δὲ
446 2548 616 2599 τοῦτο·
655 2548 746 2599 νῦν
770 2544 813 2598 δ’
840 2545 1169 2603 ἀναστάντες
1194 2546 1379 2603 πάλιν,

189 2627 367 2697 φόνοις
391 2625 644 2698 βρύοντες
667 2628 870 2698 μυρίοις
897 2629 1153 2700 καρήατα,

190 2712 420 2767 ὠθοῦσιν
444 2713 583 2780 ἡμᾶς
607 2713 668 2781 ἐξ
691 2711 854 2784 ἑδρῶν
878 2712 1212 2781 καθημένους·

188 2797 362 2864 μεῖζον
386 2794 442 2849 δὲ
466 2800 624 2850 τοῦτο
652 2794 830 2863 θαῦμα
854 2795 1093 2849 τοιούτου
1119 2794 1297 2865 φόνου.
