2028 3230
906 197 963 244 81

422 820 714 880 LATIN
773 819 1458 880 I-IEXAMETERS.

220 1038 340 1086 AUT
364 1035 552 1100 superis
579 1034 702 1085 Caeli
727 1051 893 1099 regem
919 1035 1179 1084 detrudere
1203 1035 1366 1099 regnis

221 1117 553 1182 Adgredimur
575 1118 725 1177 bello,
751 1117 948 1180 placeat
973 1115 1012 1164 si
1036 1116 1254 1166 indicere
1279 1118 1481 1177 bellum,

221 1201 324 1248 Aut
347 1199 524 1248 iterum
548 1197 742 1258 nostris,
769 1196 979 1261 repetito
1000 1199 1122 1260 jure,
1150 1198 1296 1260 potiri

223 1281 434 1331 Sedibus
459 1279 679 1330 amissis:
716 1279 1056 1328 moderamina
1080 1281 1259 1329 vellere
1285 1297 1444 1329 rerum

226 1362 366 1412 Illius
390 1379 421 1411 a
443 1361 673 1410 manibus
698 1362 902 1410 tandem
927 1377 1121 1423 sperare
1147 1360 1328 1420 licebit,

227 1446 358 1494 Cum
383 1443 627 1506 cedatque
652 1441 748 1491 levi
773 1443 927 1490 fatum
952 1441 1286 1492 inrevocabile
1313 1444 1460 1503 Casu,

224 1523 541 1588 Arbitrioque
567 1525 736 1574 Chaos
761 1523 955 1573 dirimet
980 1524 1250 1572 certamina
1274 1542 1468 1574 summo
1489 1546 1497 1573 :

226 1606 401 1656 Futilis
424 1616 479 1655 ut
504 1623 617 1670 spes
642 1605 726 1654 illa
749 1605 905 1666 cadit„
925 1605 995 1654 sic
1019 1623 1148 1654 vana
1171 1605 1365 1655 videtur

229 1691 359 1739 Haec
383 1705 584 1752 quoque
604 1706 618 1750 3
653 1705 771 1736 nam
794 1688 940 1737 nobis
966 1688 1092 1736 intra
1117 1689 1333 1738 caelestia
1356 1707 1507 1753 regna

152 1833 155 1835 ,
230 1770 354 1834 Quis
379 1772 519 1820 locus
544 1787 652 1820 esse
676 1779 855 1834 potest,
882 1769 977 1819 nisi
1002 1770 1042 1818 si
1068 1787 1354 1834 superemus
1381 1772 1580 1836 Olympi

227 1855 519 1916 Supremum
546 1851 860 1901 Dominum?
931 1852 1158 1901 Crudelis
1182 1852 1349 1916 fingite
1375 1869 1539 1916 poenae

229 1935 379 1983 Illum
402 1932 701 1998 paenituisse,
728 1932 923 1996 irasque
947 1933 1194 1983 remittere
1219 1934 1410 1983 cunctis

231 2017 376 2066 Colla
395 2017 516 2079 jugo
540 2032 704 2064 rursus
730 2031 1009 2078 supponere
1034 2016 1135 2063 fida
1158 2015 1339 2078 paratis
1360 2035 1369 2064 :
1402 2058 1406 2063 .

231 2095 492 2148 Continuo*
509 2106 626 2146 ante
652 2099 818 2146 Deum
843 2113 943 2160 quo
970 2106 1156 2146 stantes
1181 2114 1265 2146 ore
1291 2099 1500 2147 feremus

231 2178 449 2229 Demissi
472 2177 711 2242 inpositas
735 2179 869 2242 leges
893 2178 1062 2228 audire
1088 2195 1295 2240 severas,

231 2261 359 2323 Quae
383 2260 631 2309 celebrare
649 2260 829 2322 jubent
853 2260 1168 2309 modulantes
1193 2260 1410 2309 carmina
1434 2277 1636 2324 regnum

233 2343 299 2391 Et
321 2357 507 2390 numen
531 2341 732 2389 laudare
755 2339 911 2389 invita
932 2357 1058 2389 voce
1084 2357 1367 2404 supremum
1390 2362 1399 2391 :

234 2422 411 2487 Regali
435 2423 553 2471 dum
577 2438 716 2471 more
741 2422 881 2470 sedet
906 2421 1127 2470 sublimis
1152 2422 1202 2470 in
1228 2424 1330 2471 alto

234 2505 430 2554 Invisus
455 2503 580 2552 solio
604 2512 765 2552 rector
787 2523 796 2552 :
833 2505 953 2552 dum
977 2503 1178 2554 floribus
1202 2520 1287 2552 ara

233 2584 509 2635 Ambrosiis
533 2585 764 2634 redolens
789 2584 1011 2633 divinum
1036 2585 1187 2647 spirat
1212 2586 1433 2645 odorem,

236 2669 450 2716 Munera
473 2681 586 2729 quae
610 2665 817 2715 domino
842 2665 1070 2715 dabimus
1095 2666 1287 2715 servilia
1311 2668 1530 2729 magno?

237 2750 415 2799 Hocce
441 2747 530 2797 erit
554 2746 770 2796 officium
794 2747 951 2808 nobiS‚
981 2749 1090 2797 haec
1113 2747 1294 2812 gaudia
1318 2748 1441 2796 caelo
1466 2749 1474 2792 1
