<?xml version="1.0" encoding="UTF-8"?>
<!DOCTYPE html PUBLIC "-//W3C//DTD XHTML 1.0 Transitional//EN"
    "http://www.w3.org/TR/xhtml1/DTD/xhtml1-transitional.dtd">
<html xmlns="http://www.w3.org/1999/xhtml" xml:lang="en" lang="en">
 <head>
  <title>
</title>
<meta http-equiv="Content-Type" content="text/html;charset=utf-8" />
  <meta name='ocr-system' content='tesseract 3.04.00' />
  <meta name='ocr-capabilities' content='ocr_page ocr_carea ocr_par ocr_line ocrx_word'/>
</head>
<body>
  <div class='ocr_page' id='page_1' title='image "./flosculicheltoni00jerruoft_0059.png"; bbox 0 0 2028 3230; ppageno 0'>
   <div class='ocr_carea' id='block_1_1' title="bbox 694 218 1646 263">
    <p class='ocr_par' dir='ltr' id='par_1_1' title="bbox 694 218 1646 263">
     <span class='ocr_line' id='line_1_1' title="bbox 694 218 1646 263; baseline 0 -12"><span class='ocrx_word' id='word_1_1' title='bbox 694 218 853 252; x_wconf 81' lang='lat' dir='ltr'>LATIN</span> <span class='ocrx_word' id='word_1_2' title='bbox 892 218 1158 252; x_wconf 79' lang='lat' dir='ltr'>ELEG1Acs.</span> <span class='ocrx_word' id='word_1_3' title='bbox 1590 220 1614 263; x_wconf 83' lang='lat'><em>3</em></span> <span class='ocrx_word' id='word_1_4' title='bbox 1634 221 1646 251; x_wconf 83' lang='lat'>1</span> 
     </span>
    </p>
   </div>
   <div class='ocr_carea' id='block_1_2' title="bbox 160 337 1506 644">
    <p class='ocr_par' dir='ltr' id='par_1_2' title="bbox 215 337 1379 487">
     <span class='ocr_line' id='line_1_2' title="bbox 215 337 1379 406; baseline -0.005 -15"><span class='ocrx_word' id='word_1_5' title='bbox 215 344 331 406; x_wconf 88' lang='lat' dir='ltr'>Jam</span> <span class='ocrx_word' id='word_1_6' title='bbox 355 339 500 405; x_wconf 91' lang='lat' dir='ltr'>periit</span> <span class='ocrx_word' id='word_1_7' title='bbox 523 339 688 399; x_wconf 88' lang='lat' dir='ltr'>virtus,</span> <span class='ocrx_word' id='word_1_8' title='bbox 717 337 969 401; x_wconf 86' lang='lat' dir='ltr'>animique</span> <span class='ocrx_word' id='word_1_9' title='bbox 996 337 1196 386; x_wconf 87' lang='lat' dir='ltr'>evanuit</span> <span class='ocrx_word' id='word_1_10' title='bbox 1220 339 1379 397; x_wconf 89' lang='lat' dir='ltr'>ardor,</span> 
     </span>
     <span class='ocr_line' id='line_1_3' title="bbox 285 419 1327 487; baseline -0.005 -15"><span class='ocrx_word' id='word_1_11' title='bbox 285 424 399 487; x_wconf 90' lang='lat' dir='ltr'>Jam</span> <span class='ocrx_word' id='word_1_12' title='bbox 422 431 507 472; x_wconf 87' lang='lat' dir='ltr'>tua</span> <span class='ocrx_word' id='word_1_13' title='bbox 531 429 645 471; x_wconf 87' lang='lat' dir='ltr'>sunt</span> <span class='ocrx_word' id='word_1_14' title='bbox 669 420 797 484; x_wconf 90' lang='lat' dir='ltr'>turpi</span> <span class='ocrx_word' id='word_1_15' title='bbox 823 419 1022 469; x_wconf 89' lang='lat' dir='ltr'>subdita</span> <span class='ocrx_word' id='word_1_16' title='bbox 1046 420 1175 468; x_wconf 89' lang='lat' dir='ltr'>colla</span> <span class='ocrx_word' id='word_1_17' title='bbox 1196 421 1327 482; x_wconf 90' lang='lat' dir='ltr'>jugo.</span> 
     </span>
    </p>

    <p class='ocr_par' dir='ltr' id='par_1_3' title="bbox 160 500 1466 566">
     <span class='ocr_line' id='line_1_4' title="bbox 160 500 1466 566; baseline -0.006 -10"><span class='ocrx_word' id='word_1_18' title='bbox 160 553 163 558; x_wconf 84' lang='grc'><strong>,</strong></span> <span class='ocrx_word' id='word_1_19' title='bbox 220 503 374 566; x_wconf 89' lang='lat' dir='ltr'>Quod</span> <span class='ocrx_word' id='word_1_20' title='bbox 397 520 501 553; x_wconf 92' lang='lat' dir='ltr'>non</span> <span class='ocrx_word' id='word_1_21' title='bbox 527 511 742 552; x_wconf 77' lang='lat' dir='ltr'>externae</span> <span class='ocrx_word' id='word_1_22' title='bbox 766 509 1034 564; x_wconf 91' lang='lat' dir='ltr'>potuerunt</span> <span class='ocrx_word' id='word_1_23' title='bbox 1058 500 1255 549; x_wconf 92' lang='lat' dir='ltr'>vincere</span> <span class='ocrx_word' id='word_1_24' title='bbox 1279 510 1466 563; x_wconf 82' lang='lat' dir='ltr'><strong>gentes,</strong></span> 
     </span>
    </p>

    <p class='ocr_par' dir='ltr' id='par_1_4' title="bbox 288 583 1506 644">
     <span class='ocr_line' id='line_1_5' title="bbox 288 583 1506 644; baseline -0.006 -9"><span class='ocrx_word' id='word_1_25' title='bbox 288 584 460 636; x_wconf 88' lang='lat' dir='ltr'>Civica</span> <span class='ocrx_word' id='word_1_26' title='bbox 482 601 617 634; x_wconf 84' lang='lat' dir='ltr'>nunc</span> <span class='ocrx_word' id='word_1_27' title='bbox 640 583 824 632; x_wconf 87' lang='lat' dir='ltr'>victum</span> <span class='ocrx_word' id='word_1_28' title='bbox 852 583 986 631; x_wconf 88' lang='lat' dir='ltr'>bella</span> <span class='ocrx_word' id='word_1_29' title='bbox 1008 583 1240 644; x_wconf 89' lang='lat' dir='ltr'>furorque</span> <span class='ocrx_word' id='word_1_30' title='bbox 1266 591 1506 644; x_wconf 88' lang='lat' dir='ltr'>premunt.</span> 
     </span>
    </p>
   </div>
   <div class='ocr_carea' id='block_1_3' title="bbox 221 743 1582 1382">
    <p class='ocr_par' dir='ltr' id='par_1_5' title="bbox 221 743 1422 892">
     <span class='ocr_line' id='line_1_6' title="bbox 221 743 1422 811; baseline -0.005 -14"><span class='ocrx_word' id='word_1_31' title='bbox 221 747 370 798; x_wconf 84' lang='lat' dir='ltr'>Tibia</span> <span class='ocrx_word' id='word_1_32' title='bbox 391 765 494 797; x_wconf 90' lang='lat' dir='ltr'>non</span> <span class='ocrx_word' id='word_1_33' title='bbox 518 746 710 811; x_wconf 92' lang='lat' dir='ltr'>poterit,</span> <span class='ocrx_word' id='word_1_34' title='bbox 739 746 877 795; x_wconf 89' lang='lat' dir='ltr'>festae</span> <span class='ocrx_word' id='word_1_35' title='bbox 900 761 1003 793; x_wconf 91' lang='lat' dir='ltr'>non</span> <span class='ocrx_word' id='word_1_36' title='bbox 1029 743 1245 792; x_wconf 87' lang='lat' dir='ltr'>carmina</span> <span class='ocrx_word' id='word_1_37' title='bbox 1269 759 1422 791; x_wconf 88' lang='lat' dir='ltr'>musae</span> 
     </span>
     <span class='ocr_line' id='line_1_7' title="bbox 290 826 1195 892; baseline -0.009 -12"><span class='ocrx_word' id='word_1_38' title='bbox 290 829 512 880; x_wconf 88' lang='lat' dir='ltr'>Ulterius</span> <span class='ocrx_word' id='word_1_39' title='bbox 535 837 728 892; x_wconf 89' lang='lat' dir='ltr'>gratum</span> <span class='ocrx_word' id='word_1_40' title='bbox 752 826 1000 876; x_wconf 88' lang='lat' dir='ltr'>laetificare</span> <span class='ocrx_word' id='word_1_41' title='bbox 1025 826 1159 874; x_wconf 89' lang='lat' dir='ltr'>diem</span> <span class='ocrx_word' id='word_1_42' title='bbox 1182 842 1195 884; x_wconf 83' lang='lat'>3</span> 
     </span>
    </p>

    <p class='ocr_par' dir='ltr' id='par_1_6' title="bbox 223 907 1504 1043">
     <span class='ocr_line' id='line_1_8' title="bbox 223 907 1504 975; baseline -0.007 -14"><span class='ocrx_word' id='word_1_43' title='bbox 223 913 334 961; x_wconf 89' lang='lat' dir='ltr'>Nec</span> <span class='ocrx_word' id='word_1_44' title='bbox 357 919 592 975; x_wconf 89' lang='lat' dir='ltr'>poterunt</span> <span class='ocrx_word' id='word_1_45' title='bbox 615 908 792 958; x_wconf 91' lang='lat' dir='ltr'>hiemis</span> <span class='ocrx_word' id='word_1_46' title='bbox 819 907 1088 971; x_wconf 83' lang='lat' dir='ltr'>spatiosam</span> <span class='ocrx_word' id='word_1_47' title='bbox 1112 907 1279 954; x_wconf 89' lang='lat' dir='ltr'>fallere</span> <span class='ocrx_word' id='word_1_48' title='bbox 1303 915 1504 955; x_wconf 89' lang='lat' dir='ltr'>noct-em</span> 
     </span>
     <span class='ocr_line' id='line_1_9' title="bbox 290 987 1133 1043; baseline -0.008 -1"><span class='ocrx_word' id='word_1_49' title='bbox 290 992 486 1043; x_wconf 90' lang='lat' dir='ltr'>Gaudia</span> <span class='ocrx_word' id='word_1_50' title='bbox 508 989 668 1040; x_wconf 86' lang='lat' dir='ltr'>festivi</span> <span class='ocrx_word' id='word_1_51' title='bbox 693 988 981 1039; x_wconf 88' lang='lat' dir='ltr'>consociata</span> <span class='ocrx_word' id='word_1_52' title='bbox 1003 987 1100 1036; x_wconf 90' lang='lat' dir='ltr'>foci</span> <span class='ocrx_word' id='word_1_53' title='bbox 1124 1007 1133 1036; x_wconf 81' lang='lat' dir='ltr'><strong><em>z</em></strong></span> 
     </span>
    </p>

    <p class='ocr_par' dir='ltr' id='par_1_7' title="bbox 224 1068 1582 1218">
     <span class='ocr_line' id='line_1_10' title="bbox 224 1068 1582 1134; baseline -0.007 -10"><span class='ocrx_word' id='word_1_54' title='bbox 224 1073 459 1124; x_wconf 84' lang='lat' dir='ltr'>Carmina</span> <span class='ocrx_word' id='word_1_55' title='bbox 480 1073 618 1121; x_wconf 88' lang='lat' dir='ltr'>nulla</span> <span class='ocrx_word' id='word_1_56' title='bbox 640 1071 775 1131; x_wconf 91' lang='lat' dir='ltr'>olim,</span> <span class='ocrx_word' id='word_1_57' title='bbox 802 1069 988 1134; x_wconf 90' lang='lat' dir='ltr'>gemitu</span> <span class='ocrx_word' id='word_1_58' title='bbox 1012 1068 1107 1117; x_wconf 91' lang='lat' dir='ltr'>nisi</span> <span class='ocrx_word' id='word_1_59' title='bbox 1131 1068 1289 1128; x_wconf 69' lang='lat' dir='ltr'>mista&#39;,</span> <span class='ocrx_word' id='word_1_60' title='bbox 1319 1069 1582 1125; x_wconf 85' lang='lat' dir='ltr'>sonabunt,</span> 
     </span>
     <span class='ocr_line' id='line_1_11' title="bbox 292 1149 1323 1218; baseline -0.006 -14"><span class='ocrx_word' id='word_1_61' title='bbox 292 1155 378 1204; x_wconf 92' lang='lat' dir='ltr'>Nil</span> <span class='ocrx_word' id='word_1_62' title='bbox 402 1153 497 1204; x_wconf 90' lang='lat' dir='ltr'>nisi</span> <span class='ocrx_word' id='word_1_63' title='bbox 522 1153 774 1218; x_wconf 88' lang='lat' dir='ltr'>singultus,</span> <span class='ocrx_word' id='word_1_64' title='bbox 803 1151 874 1200; x_wconf 92' lang='lat' dir='ltr'>nil</span> <span class='ocrx_word' id='word_1_65' title='bbox 898 1150 992 1199; x_wconf 92' lang='lat' dir='ltr'>nisi</span> <span class='ocrx_word' id='word_1_66' title='bbox 1017 1152 1177 1204; x_wconf 85' lang='lat' dir='ltr'>luctus</span> <span class='ocrx_word' id='word_1_67' title='bbox 1203 1149 1292 1199; x_wconf 91' lang='lat' dir='ltr'>erit</span> <span class='ocrx_word' id='word_1_68' title='bbox 1310 1167 1323 1210; x_wconf 80' lang='lat'>3</span> 
     </span>
    </p>

    <p class='ocr_par' dir='ltr' id='par_1_8' title="bbox 226 1231 1495 1382">
     <span class='ocr_line' id='line_1_12' title="bbox 226 1231 1495 1285; baseline -0.006 1"><span class='ocrx_word' id='word_1_69' title='bbox 226 1239 361 1285; x_wconf 88' lang='lat' dir='ltr'>Dum</span> <span class='ocrx_word' id='word_1_70' title='bbox 385 1235 545 1285; x_wconf 87' lang='lat' dir='ltr'>tacitis</span> <span class='ocrx_word' id='word_1_71' title='bbox 569 1243 762 1284; x_wconf 76' lang='lat' dir='ltr'>moestae</span> <span class='ocrx_word' id='word_1_72' title='bbox 787 1249 1028 1283; x_wconf 88' lang='lat' dir='ltr'>caesorum</span> <span class='ocrx_word' id='word_1_73' title='bbox 1052 1232 1284 1281; x_wconf 90' lang='lat' dir='ltr'>noctibus</span> <span class='ocrx_word' id='word_1_74' title='bbox 1309 1231 1495 1279; x_wconf 86' lang='lat' dir='ltr'>umbrae</span> 
     </span>
     <span class='ocr_line' id='line_1_13' title="bbox 293 1315 1370 1382; baseline -0.006 -14"><span class='ocrx_word' id='word_1_75' title='bbox 293 1321 470 1368; x_wconf 89' lang='lat' dir='ltr'>Errant</span> <span class='ocrx_word' id='word_1_76' title='bbox 495 1334 583 1381; x_wconf 91' lang='lat' dir='ltr'>per</span> <span class='ocrx_word' id='word_1_77' title='bbox 606 1333 824 1382; x_wconf 87' lang='lat' dir='ltr'>campos,</span> <span class='ocrx_word' id='word_1_78' title='bbox 853 1315 1039 1380; x_wconf 83' lang='lat' dir='ltr'>pallida</span> <span class='ocrx_word' id='word_1_79' title='bbox 1062 1317 1217 1374; x_wconf 83' lang='lat' dir='ltr'>turba,</span> <span class='ocrx_word' id='word_1_80' title='bbox 1247 1323 1370 1363; x_wconf 90' lang='lat' dir='ltr'>tuos.</span> 
     </span>
    </p>
   </div>
   <div class='ocr_carea' id='block_1_4' title="bbox 225 1462 1538 2098">
    <p class='ocr_par' dir='ltr' id='par_1_9' title="bbox 227 1462 1425 1610">
     <span class='ocr_line' id='line_1_14' title="bbox 227 1462 1425 1522; baseline -0.004 -7"><span class='ocrx_word' id='word_1_81' title='bbox 227 1469 346 1517; x_wconf 86' lang='lat' dir='ltr'>Heu</span> <span class='ocrx_word' id='word_1_82' title='bbox 371 1468 557 1516; x_wconf 89' lang='lat' dir='ltr'>bellum</span> <span class='ocrx_word' id='word_1_83' title='bbox 582 1465 795 1514; x_wconf 90' lang='lat' dir='ltr'>invisum</span> <span class='ocrx_word' id='word_1_84' title='bbox 815 1469 824 1514; x_wconf 81' lang='lat'>1</span> <span class='ocrx_word' id='word_1_85' title='bbox 861 1467 945 1514; x_wconf 87' lang='lat' dir='ltr'>lux</span> <span class='ocrx_word' id='word_1_86' title='bbox 969 1466 1066 1514; x_wconf 92' lang='lat' dir='ltr'>heu</span> <span class='ocrx_word' id='word_1_87' title='bbox 1092 1466 1287 1513; x_wconf 89' lang='lat' dir='ltr'>funesta</span> <span class='ocrx_word' id='word_1_88' title='bbox 1311 1462 1425 1522; x_wconf 81' lang='lat' dir='ltr'>diei,</span> 
     </span>
     <span class='ocr_line' id='line_1_15' title="bbox 295 1546 1225 1610; baseline -0.005 -12"><span class='ocrx_word' id='word_1_89' title='bbox 295 1549 511 1598; x_wconf 90' lang='lat' dir='ltr'>Posthac</span> <span class='ocrx_word' id='word_1_90' title='bbox 535 1547 754 1596; x_wconf 91' lang='lat' dir='ltr'>venturis</span> <span class='ocrx_word' id='word_1_91' title='bbox 778 1547 1058 1610; x_wconf 87' lang='lat' dir='ltr'>perniciosa</span> <span class='ocrx_word' id='word_1_92' title='bbox 1081 1546 1195 1594; x_wconf 89' lang='lat' dir='ltr'>viris</span> <span class='ocrx_word' id='word_1_93' title='bbox 1216 1548 1225 1593; x_wconf 78' lang='lat'>1</span> 
     </span>
    </p>

    <p class='ocr_par' dir='ltr' id='par_1_10' title="bbox 226 1625 1323 1774">
     <span class='ocr_line' id='line_1_16' title="bbox 226 1625 1323 1692; baseline -0.005 -14"><span class='ocrx_word' id='word_1_94' title='bbox 226 1629 379 1678; x_wconf 89' lang='lat' dir='ltr'>Filius</span> <span class='ocrx_word' id='word_1_95' title='bbox 405 1628 638 1692; x_wconf 91' lang='lat' dir='ltr'>opposito</span> <span class='ocrx_word' id='word_1_96' title='bbox 661 1628 812 1692; x_wconf 87' lang='lat' dir='ltr'>gessit</span> <span class='ocrx_word' id='word_1_97' title='bbox 837 1629 945 1677; x_wconf 86' lang='lat' dir='ltr'>fera·</span> <span class='ocrx_word' id='word_1_98' title='bbox 962 1629 1096 1677; x_wconf 90' lang='lat' dir='ltr'>bella</span> <span class='ocrx_word' id='word_1_99' title='bbox 1119 1625 1323 1691; x_wconf 85' lang='lat' dir='ltr'>parenti,</span> 
     </span>
     <span class='ocr_line' id='line_1_17' title="bbox 291 1708 1226 1774; baseline -0.006 -12"><span class='ocrx_word' id='word_1_100' title='bbox 291 1713 445 1763; x_wconf 86' lang='lat' dir='ltr'>Arma</span> <span class='ocrx_word' id='word_1_101' title='bbox 468 1720 631 1774; x_wconf 88' lang='lat' dir='ltr'>patres</span> <span class='ocrx_word' id='word_1_102' title='bbox 656 1709 784 1758; x_wconf 90' lang='lat' dir='ltr'>natis</span> <span class='ocrx_word' id='word_1_103' title='bbox 811 1726 1090 1773; x_wconf 89' lang='lat' dir='ltr'>opposuere</span> <span class='ocrx_word' id='word_1_104' title='bbox 1117 1708 1226 1757; x_wconf 91' lang='lat' dir='ltr'>suis.</span> 
     </span>
    </p>

    <p class='ocr_par' dir='ltr' id='par_1_11' title="bbox 225 1790 1383 1932">
     <span class='ocr_line' id='line_1_18' title="bbox 225 1790 1383 1854; baseline -0.003 -12"><span class='ocrx_word' id='word_1_105' title='bbox 225 1793 454 1842; x_wconf 88' lang='lat' dir='ltr'>Cesserat</span> <span class='ocrx_word' id='word_1_106' title='bbox 477 1790 664 1840; x_wconf 90' lang='lat' dir='ltr'>inmitis</span> <span class='ocrx_word' id='word_1_107' title='bbox 688 1790 849 1840; x_wconf 86' lang='lat' dir='ltr'>rabies</span> <span class='ocrx_word' id='word_1_108' title='bbox 874 1790 1144 1854; x_wconf 88' lang='lat' dir='ltr'>asperrima</span> <span class='ocrx_word' id='word_1_109' title='bbox 1168 1806 1347 1853; x_wconf 86' lang='lat' dir='ltr'>pugnae</span> <span class='ocrx_word' id='word_1_110' title='bbox 1371 1806 1383 1848; x_wconf 81' lang='lat'><em>3</em></span> 
     </span>
     <span class='ocr_line' id='line_1_19' title="bbox 293 1871 1264 1932; baseline -0.002 -10"><span class='ocrx_word' id='word_1_111' title='bbox 293 1875 530 1922; x_wconf 86' lang='lat' dir='ltr'>Attamen</span> <span class='ocrx_word' id='word_1_112' title='bbox 555 1871 704 1921; x_wconf 89' lang='lat' dir='ltr'>iratus</span> <span class='ocrx_word' id='word_1_113' title='bbox 729 1872 897 1932; x_wconf 86' lang='lat' dir='ltr'>victor,</span> <span class='ocrx_word' id='word_1_114' title='bbox 926 1881 979 1920; x_wconf 93' lang='lat' dir='ltr'>ut</span> <span class='ocrx_word' id='word_1_115' title='bbox 1004 1881 1133 1932; x_wconf 87' lang='lat' dir='ltr'>ante,</span> <span class='ocrx_word' id='word_1_116' title='bbox 1163 1871 1264 1920; x_wconf 87' lang='lat' dir='ltr'>fuit.</span> 
     </span>
    </p>

    <p class='ocr_par' dir='ltr' id='par_1_12' title="bbox 225 1952 1538 2098">
     <span class='ocr_line' id='line_1_20' title="bbox 225 1952 1538 2016; baseline -0.003 -13"><span class='ocrx_word' id='word_1_117' title='bbox 225 1954 405 2003; x_wconf 88' lang='lat' dir='ltr'>Tristia</span> <span class='ocrx_word' id='word_1_118' title='bbox 429 1953 561 2003; x_wconf 90' lang='lat' dir='ltr'>enim</span> <span class='ocrx_word' id='word_1_119' title='bbox 585 1953 774 2002; x_wconf 88' lang='lat' dir='ltr'>miseris</span> <span class='ocrx_word' id='word_1_120' title='bbox 798 1953 1044 2016; x_wconf 90' lang='lat' dir='ltr'>nudisque</span> <span class='ocrx_word' id='word_1_121' title='bbox 1069 1952 1287 2016; x_wconf 89' lang='lat' dir='ltr'>pericula</span> <span class='ocrx_word' id='word_1_122' title='bbox 1311 1953 1538 2010; x_wconf 81' lang='lat' dir='ltr'>flammae,</span> 
     </span>
     <span class='ocr_line' id='line_1_21' title="bbox 293 2034 1354 2098; baseline -0.002 -16"><span class='ocrx_word' id='word_1_123' title='bbox 293 2036 609 2098; x_wconf 89' lang='lat' dir='ltr'>Vulneraque</span> <span class='ocrx_word' id='word_1_124' title='bbox 635 2051 664 2083; x_wconf 88' lang='lat' dir='ltr'>a</span> <span class='ocrx_word' id='word_1_125' title='bbox 689 2051 820 2084; x_wconf 85' lang='lat' dir='ltr'>saeva</span> <span class='ocrx_word' id='word_1_126' title='bbox 843 2034 1168 2098; x_wconf 89' lang='lat' dir='ltr'>perpetienda</span> <span class='ocrx_word' id='word_1_127' title='bbox 1191 2051 1354 2082; x_wconf 91' lang='lat' dir='ltr'>manu.</span> 
     </span>
    </p>
   </div>
   <div class='ocr_carea' id='block_1_5' title="bbox 227 2183 1661 2820">
    <p class='ocr_par' dir='ltr' id='par_1_13' title="bbox 227 2183 1661 2820">
     <span class='ocr_line' id='line_1_22' title="bbox 227 2183 1358 2248; baseline -0.003 -15"><span class='ocrx_word' id='word_1_128' title='bbox 227 2187 295 2233; x_wconf 89' lang='lat' dir='ltr'>At</span> <span class='ocrx_word' id='word_1_129' title='bbox 318 2183 402 2248; x_wconf 87' lang='lat' dir='ltr'>pia</span> <span class='ocrx_word' id='word_1_130' title='bbox 420 2185 525 2247; x_wconf 87' lang='lat' dir='ltr'>jam</span> <span class='ocrx_word' id='word_1_131' title='bbox 549 2184 695 2233; x_wconf 90' lang='lat' dir='ltr'>morti</span> <span class='ocrx_word' id='word_1_132' title='bbox 719 2183 942 2248; x_wconf 83' lang='lat' dir='ltr'>genetrix</span> <span class='ocrx_word' id='word_1_133' title='bbox 967 2184 1149 2232; x_wconf 89' lang='lat' dir='ltr'>devota</span> <span class='ocrx_word' id='word_1_134' title='bbox 1172 2185 1358 2241; x_wconf 72' lang='lat' dir='ltr'>futurae,</span> 
     </span>
     <span class='ocr_line' id='line_1_23' title="bbox 297 2265 1375 2329; baseline -0.002 -15"><span class='ocrx_word' id='word_1_135' title='bbox 297 2267 430 2315; x_wconf 93' lang='lat' dir='ltr'>Ecce</span> <span class='ocrx_word' id='word_1_136' title='bbox 450 2267 460 2313; x_wconf 74' lang='lat' dir='ltr'>l</span> <span class='ocrx_word' id='word_1_137' title='bbox 495 2282 584 2329; x_wconf 94' lang='lat' dir='ltr'>per</span> <span class='ocrx_word' id='word_1_138' title='bbox 607 2265 821 2314; x_wconf 91' lang='lat' dir='ltr'>incultos</span> <span class='ocrx_word' id='word_1_139' title='bbox 847 2266 953 2314; x_wconf 90' lang='lat' dir='ltr'>sola</span> <span class='ocrx_word' id='word_1_140' title='bbox 976 2274 1179 2328; x_wconf 86' lang='lat' dir='ltr'>vagatur</span> <span class='ocrx_word' id='word_1_141' title='bbox 1202 2281 1344 2328; x_wconf 89' lang='lat' dir='ltr'>agros</span> <span class='ocrx_word' id='word_1_142' title='bbox 1362 2282 1375 2325; x_wconf 83' lang='lat'><em>3</em></span> 
     </span>
     <span class='ocr_line' id='line_1_24' title="bbox 230 2343 1454 2410; baseline -0.003 -14"><span class='ocrx_word' id='word_1_143' title='bbox 230 2345 503 2396; x_wconf 90' lang='lat' dir='ltr'>Inmiscent</span> <span class='ocrx_word' id='word_1_144' title='bbox 526 2346 678 2410; x_wconf 89' lang='lat' dir='ltr'>gelidi</span> <span class='ocrx_word' id='word_1_145' title='bbox 702 2346 886 2395; x_wconf 88' lang='lat' dir='ltr'>circum</span> <span class='ocrx_word' id='word_1_146' title='bbox 911 2347 1013 2395; x_wconf 89' lang='lat' dir='ltr'>fera</span> <span class='ocrx_word' id='word_1_147' title='bbox 1036 2363 1283 2394; x_wconf 90' lang='lat' dir='ltr'>murmura</span> <span class='ocrx_word' id='word_1_148' title='bbox 1306 2343 1454 2402; x_wconf 88' lang='lat' dir='ltr'>venti,</span> 
     </span>
     <span class='ocr_line' id='line_1_25' title="bbox 296 2428 1392 2492; baseline -0.001 -16"><span class='ocrx_word' id='word_1_149' title='bbox 296 2429 360 2477; x_wconf 93' lang='lat' dir='ltr'>Et</span> <span class='ocrx_word' id='word_1_150' title='bbox 385 2429 584 2478; x_wconf 88' lang='lat' dir='ltr'>suboles</span> <span class='ocrx_word' id='word_1_151' title='bbox 607 2428 781 2478; x_wconf 88' lang='lat' dir='ltr'>rabida</span> <span class='ocrx_word' id='word_1_152' title='bbox 805 2428 1056 2492; x_wconf 87' lang='lat' dir='ltr'>congemit</span> <span class='ocrx_word' id='word_1_153' title='bbox 1081 2430 1203 2478; x_wconf 91' lang='lat' dir='ltr'>orba</span> <span class='ocrx_word' id='word_1_154' title='bbox 1227 2430 1358 2476; x_wconf 89' lang='lat' dir='ltr'>fame</span> <span class='ocrx_word' id='word_1_155' title='bbox 1383 2445 1392 2475; x_wconf 75' lang='grc' dir='ltr'>ε</span> 
     </span>
     <span class='ocr_line' id='line_1_26' title="bbox 228 2507 1529 2574; baseline -0.005 -14"><span class='ocrx_word' id='word_1_156' title='bbox 228 2509 399 2560; x_wconf 90' lang='lat' dir='ltr'>Cernit</span> <span class='ocrx_word' id='word_1_157' title='bbox 422 2509 568 2573; x_wconf 91' lang='lat' dir='ltr'>inops</span> <span class='ocrx_word' id='word_1_158' title='bbox 591 2509 742 2574; x_wconf 89' lang='lat' dir='ltr'>nigrae</span> <span class='ocrx_word' id='word_1_159' title='bbox 767 2511 998 2559; x_wconf 90' lang='lat' dir='ltr'>tenebras</span> <span class='ocrx_word' id='word_1_160' title='bbox 1023 2510 1327 2559; x_wconf 87' lang='lat' dir='ltr'>descendere</span> <span class='ocrx_word' id='word_1_161' title='bbox 1354 2507 1529 2564; x_wconf 87' lang='lat' dir='ltr'>noctis,</span> 
     </span>
     <span class='ocr_line' id='line_1_27' title="bbox 298 2590 1478 2654; baseline -0.003 -14"><span class='ocrx_word' id='word_1_162' title='bbox 298 2593 408 2640; x_wconf 92' lang='lat' dir='ltr'>Nec</span> <span class='ocrx_word' id='word_1_163' title='bbox 432 2600 564 2640; x_wconf 87' lang='lat' dir='ltr'>tecta</span> <span class='ocrx_word' id='word_1_164' title='bbox 588 2600 824 2654; x_wconf 87' lang='lat' dir='ltr'>optatam,</span> <span class='ocrx_word' id='word_1_165' title='bbox 852 2608 947 2639; x_wconf 90' lang='lat' dir='ltr'>nec</span> <span class='ocrx_word' id='word_1_166' title='bbox 973 2592 1058 2639; x_wconf 91' lang='lat' dir='ltr'>dat</span> <span class='ocrx_word' id='word_1_167' title='bbox 1082 2590 1270 2639; x_wconf 89' lang='lat' dir='ltr'>amicus</span> <span class='ocrx_word' id='word_1_168' title='bbox 1296 2605 1443 2652; x_wconf 89' lang='lat' dir='ltr'>opem</span> <span class='ocrx_word' id='word_1_169' title='bbox 1466 2606 1478 2647; x_wconf 82' lang='lat'>3</span> 
     </span>
     <span class='ocr_line' id='line_1_28' title="bbox 229 2670 1661 2736; baseline -0.003 -16"><span class='ocrx_word' id='word_1_170' title='bbox 229 2673 361 2720; x_wconf 89' lang='lat' dir='ltr'>Tum</span> <span class='ocrx_word' id='word_1_171' title='bbox 379 2674 506 2736; x_wconf 93' lang='lat' dir='ltr'>Jove</span> <span class='ocrx_word' id='word_1_172' title='bbox 531 2673 623 2721; x_wconf 92' lang='lat' dir='ltr'>sub</span> <span class='ocrx_word' id='word_1_173' title='bbox 642 2672 766 2721; x_wconf 88' lang='lat' dir='ltr'>tristi</span> <span class='ocrx_word' id='word_1_174' title='bbox 791 2672 1117 2736; x_wconf 87' lang='lat' dir='ltr'>madidasque</span> <span class='ocrx_word' id='word_1_175' title='bbox 1142 2673 1340 2735; x_wconf 86' lang='lat' dir='ltr'>abjecta</span> <span class='ocrx_word' id='word_1_176' title='bbox 1363 2687 1452 2734; x_wconf 92' lang='lat' dir='ltr'>per</span> <span class='ocrx_word' id='word_1_177' title='bbox 1469 2670 1661 2725; x_wconf 84' lang='lat' dir='ltr'>herbas,</span> 
     </span>
     <span class='ocr_line' id='line_1_29' title="bbox 301 2753 1260 2820; baseline -0.001 -18"><span class='ocrx_word' id='word_1_178' title='bbox 301 2753 517 2820; x_wconf 89' lang='lat' dir='ltr'>Ingemit</span> <span class='ocrx_word' id='word_1_179' title='bbox 540 2754 604 2802; x_wconf 89' lang='lat' dir='ltr'>ah</span> <span class='ocrx_word' id='word_1_180' title='bbox 628 2756 638 2802; x_wconf 78' lang='lat'>1</span> <span class='ocrx_word' id='word_1_181' title='bbox 675 2763 820 2803; x_wconf 85' lang='lat' dir='ltr'>natos</span> <span class='ocrx_word' id='word_1_182' title='bbox 846 2753 1109 2803; x_wconf 87' lang='lat' dir='ltr'>emoritura</span> <span class='ocrx_word' id='word_1_183' title='bbox 1134 2770 1260 2802; x_wconf 92' lang='lat' dir='ltr'>suos.</span> 
     </span>
    </p>
   </div>
  </div>
 </body>
</html>
