2028 3230
809 267 1103 302 IPHIGENIA.
1569 269 1630 314 42
1640 266 1666 315 7

245 393 313 439 At
337 388 503 440 Danai
526 398 708 439 sortem
731 389 1039 452 increpitant,
1067 397 1115 438 et
1139 404 1386 436 murmura
1409 387 1621 438 miscent

247 471 504 532 Seditiosa,
531 487 620 520 suo
645 479 694 520 et
714 472 904 533 jactant
928 469 1154 519 convicia
1176 468 1290 532 regi.

248 554 340 602 Ille
362 551 486 616 petit
509 551 688 601 dubius
714 551 891 600 Phoebi
916 551 1192 601 Calchanta
1214 549 1508 610 ministrum,

249 635 537 694 Calchanta,
563 633 808 697 Argolicae
833 649 934 696 quo
957 649 1061 682 non
1084 632 1375 696 prudentior
1397 634 1521 682 alter

249 714 425 764 Gentis
450 723 566 775 erat,
591 723 798 763 ventura
821 714 941 763 olim
966 714 1087 777 quid
1111 715 1330 763 volveret
1355 723 1489 763 aetas.

250 796 349 858 Qui
374 795 576 845 tandem
600 795 757 846 invito
779 794 961 844 invitus
987 795 1058 844 sic
1082 794 1258 858 incipit
1282 812 1434 844 ore—

250 881 280 903 “
296 879 371 926 Te
395 886 595 940 propter
617 885 839 926 tumuere
863 877 1026 937 undae,
1053 885 1103 926 te
1127 885 1330 939 propter
1353 877 1565 925 eundem

250 957 476 1008 Detinuit
499 975 651 1007 naves
674 959 818 1010 tellus
844 958 1038 1007 Boeotia
1061 967 1318 1007 nostras—

250 1042 436 1103 Magna
459 1039 552 1088 luis
575 1039 837 1099 conmissa,
865 1039 954 1088 tibi
978 1040 1069 1088 has
1094 1056 1227 1088 nunc
1252 1039 1468 1102 denique
1493 1056 1669 1102 poenas

248 1121 474 1180 Suscitat,
501 1120 780 1184 amissaque
803 1120 917 1169 furit
943 1120 1158 1170 Latonia
1182 1137 1340 1171 cerva.

248 1203 398 1271 Forte
422 1201 492 1255 tui
515 1202 646 1251 hanc
670 1202 941 1265 quondam,
969 1201 1176 1265 vestigia
1201 1211 1336 1250 certa
1362 1201 1531 1260 secuti,

250 1284 488 1334 Excivere
510 1301 660 1334 canes
676 1302 690 1345 3
726 1284 891 1334 studio
915 1285 1118 1333 fallente
1144 1286 1366 1333 laborem

250 1365 546 1430 Insequeris,
574 1367 747 1415 laesum
772 1374 820 1414 et
844 1365 1094 1428 distringis
1119 1365 1359 1414 arundine
1385 1381 1574 1427 corpus.

251 1449 415 1496 Prona
437 1446 584 1507 cadit,
611 1463 816 1496 nemora
840 1455 889 1496 et
912 1446 1184 1495 lacrimosis
1208 1446 1415 1495 vocibus
1439 1446 1595 1509 inplet
1614 1465 1626 1507 3

250 1521 623 1592 Effundensque
642 1545 818 1578 sonum
839 1530 1109 1591 querulum,
1138 1528 1444 1591 similemque
1464 1527 1669 1592 roganti,

251 1609 356 1658 Etsi
380 1626 484 1658 non
510 1609 646 1669 dixit,
673 1609 834 1672 potuit
858 1609 1040 1658 dixisse
1066 1609 1234 1670 videri,

253 1691 434 1741 Orasse
458 1700 508 1740 et
530 1691 712 1752 vitam3
748 1700 880 1740 certe
905 1691 968 1740 de
994 1691 1170 1754 tigride
1196 1700 1356 1751 natuS,

250 1775 470 1823 Flectere
494 1790 558 1822 ne
583 1774 757 1822 duram
781 1783 985 1836 possent
1010 1774 1118 1822 haec
1144 1772 1312 1822 omnia
1336 1781 1567 1821 mentem.

250 1855 460 1904 Nescius
485 1864 536 1903 at
559 1855 689 1904 flecti
714 1854 898 1918 rumpis
921 1854 1195 1918 praecordia
1219 1855 1322 1903 telo

251 1936 446 1996 Intima,
475 1945 524 1986 et
547 1936 630 1984 illa
654 1953 793 1984 suam
817 1935 978 1984 fundit
1002 1953 1116 1984 cum
1142 1935 1379 1999 sanguine
1402 1934 1567 1983 vitam.

251 2020 380 2068 Haec
418 2017 507 2066 tibi
545 2034 695 2066 causa
731 2033 899 2077 morae,
939 2018 1048 2066 haec
1091 2019 1292 2066 stabunt
1327 2017 1429 2079 jam
1468 2017 1671 2064 vulnera

358 2092 360 2094 ¹
384 2116 566 2163 magno
586 2117 600 2160 3

247 2183 356 2231 Nec
379 2181 511 2244 prius
536 2190 758 2245 optatam
783 2176 980 2229 dabitur
1002 2179 1099 2229 tibi
1125 2196 1324 2229 cernere
1348 2180 1568 2242 Trojam,

247 2263 410 2324 Quam
436 2265 548 2312 Dea
570 2262 789 2327 virgineo
813 2261 955 2311 fuerit
980 2263 1184 2325 placata
1208 2277 1396 2319 cruore,

245 2343 454 2393 Solverit
477 2353 525 2392 et
549 2360 724 2406 poenas
748 2359 878 2392 caesa
903 2340 1164 2407 Iphigenia
1191 2352 1435 2406 paternas.

245 2424 324 2474 Sic
350 2426 462 2473 Dea
486 2424 556 2472 sic
579 2425 759 2474 tribuet
782 2424 995 2485 veniam,
1024 2425 1093 2474 sic
1119 2424 1338 2487 denique
1362 2423 1534 2470 victor>

248 2507 515 2569 Pergamea
538 2505 766 2569 Argolica
790 2508 1044 2555 subvertes
1067 2506 1255 2555 moenia
1279 2505 1564 2553 dextra.'’—-

315 2700 382 2746 At
406 2697 570 2746 subito
593 2697 643 2745 in
668 2714 833 2746 curam
856 2699 1056 2748 Atrides
1081 2697 1329 2747 diducitur
1351 2713 1554 2745 omnem
1574 2715 1586 2756 ;

254 2781 461 2842 Rexque
486 2788 722 2842 paterque
746 2779 830 2828 diu
849 2790 1099 2844 pugnant3
1136 2780 1296 2843 pudor
1312 2778 1510 2843 vinpedit
1532 2778 1670 2839 illud,
