2028 3230
649 242 948 289 EURIPIDES,
986 241 1243 277 TROADES.

367 368 398 392 “
420 366 539 415 Hoc
557 365 745 414 donum
772 363 994 427 Phrygiae
1020 362 1186 413 ducite
1210 361 1339 423 filiae,

367 448 473 496 Vos
498 445 654 496 Patris
679 445 839 495 suboli
863 445 1029 495 ducite
1052 443 1317 507 imaginem
1337 445 1444 495 :''——

369 529 494 591 Quis
519 546 622 579 non
647 538 779 578 tecta
802 545 954 578 senex
977 527 1200 590 linquere
1222 525 1426 591 gestiit?

572 611 700 672 Quae
724 609 859 673 virgo
883 609 1018 658 haud
1041 608 1196 660 voluit
1221 607 1402 671 sequi?

374 793 499 843 Laeti
525 792 823 841 carminibus
847 791 1118 856 perniciem
1144 791 1237 841 sibi

374 875 623 923 Fallacem
648 873 878 937 capiunt:
916 889 1064 922 omne
1091 873 1336 936 Phrygum
1361 888 1515 936 genus

374 955 457 1004 Ad
481 964 648 1019 portas
671 963 903 1018 properat
920 973 934 1016 3
970 971 1070 1017 quo
1095 955 1180 1003 det
1204 953 1483 1002 Achaicum

579 1037 738 1085 Leves
762 1035 965 1084 insidias
992 1037 1130 1095 Deae,

380 1218 582 1281 Experti
605 1218 824 1267 thalamo
849 1234 1053 1267 munera
1075 1217 1318 1281 virgini—

379 1301 544 1348 Funes
568 1298 807 1361 injiciunt,
836 1308 1043 1362 stuppea
1060 1298 1271 1359 vincula,

381 1382 576 1430 Navem
600 1396 703 1429 non
728 1380 868 1429 aliter
890 1389 1042 1429 nauta
1065 1379 1227 1440 trahit,
1256 1381 1400 1429 dolus

585 1463 886 1524 Praeruptam
910 1460 1043 1510 venit
1067 1460 1117 1508 in
1143 1461 1347 1509 domum
1366 1479 1378 1523 ;

298 1644 300 1646 .
382 1659 446 1707 Et
469 1659 675 1707 delubra
701 1661 823 1708 Deae
851 1658 1081 1719 Palladis,
1108 1659 1206 1708 heu
1228 1663 1237 1707 l
1274 1675 1399 1708 meae

383 1739 567 1788 Letalis
592 1739 762 1803 patriae
785 1760 794 1789 z
832 1756 951 1789 mox
974 1740 1144 1788 aderat
1168 1749 1335 1789 tamen

386 1822 503 1870 Nox
527 1838 641 1870 cum
666 1821 847 1870 laetitiis
873 1830 1022 1884 atque
1047 1821 1366 1870 laboribus——

589 1905 706 1952 Nox
730 1903 952 1967 caliginis
976 1902 1199 1953 horridae.

388 2094 524 2156 Quin
547 2094 637 2143 loti
662 2094 903 2158 Libycum
930 2094 1184 2157 personuit
1208 2096 1365 2144 melos

390 2176 555 2225 Cantu
580 2191 693 2223 cum
719 2175 931 2239 Phrygio
950 2194 964 2237 3
1001 2175 1219 2224 carmina
1242 2175 1452 2239 virgines

390 2258 542 2306 Laetae
566 2257 680 2306 laeta
703 2266 888 2305 canunt
913 2257 1031 2305 dum
1056 2258 1307 2306 celebrant
1333 2257 1475 2306 simul

591 2337 834 2387 Sublimes
858 2338 1067 2402 pedibus
1092 2340 1279 2388 choros.

392 2527 516 2575 Atro
540 2526 666 2576 inter
690 2529 896 2591 cyathos
923 2529 1108 2578 lumine
1133 2546 1222 2592 per
1246 2530 1424 2579 domos

395 2607 719 2669 Splendorem
743 2609 939 2659 radians
965 2611 1096 2660 taeda
1120 2612 1271 2660 dabat
1293 2629 1305 2671 3
1340 2610 1477 2673 Jovis

399 2689 583 2737 Natam
608 2697 711 2737 tum
736 2690 927 2740 choreis
953 2691 1274 2741 monticolam
1304 2694 1463 2740 Deam

602 2772 890 2823 Laudabam
913 2772 1051 2839 Jovis
1076 2773 1313 2824 Artemin.

1558 240 1651 290 217
