2028 3230
760 220 763 224 ⁴
829 217 918 268 271

450 831 740 892 LATIN
795 831 1282 892 ELEGIACS.

419 1029 447 1048 ‘⁶
460 1027 502 1066 N
506 1039 585 1067 unc
604 1028 690 1066 scio
710 1025 811 1079 quid
831 1025 882 1065 sit
905 1025 1326 1066 Amor.’'—-V1RG1L.

159 1195 280 1255 QUO
304 1191 428 1256 fugis
451 1192 516 1240 ah
541 1191 740 1240 Theseu
758 1193 781 1240 ?
816 1190 1028 1251 Theseu,
1059 1208 1159 1254 quo
1183 1209 1329 1241 mane
1354 1194 1540 1243 recenti

292 1275 367 1323 Te
391 1272 578 1336 placuit
600 1281 772 1321 nostro
808 1270 1094 1335 surripuisse
1119 1278 1268 1324 toro?

158 1354 396 1406 Bracchia
419 1353 604 1417 liquisti
628 1355 758 1404 male
781 1355 885 1403 fido
906 1356 1074 1405 dedita
1099 1373 1277 1406 somno
1300 1375 1313 1417 3

295 1439 356 1486 In
381 1436 567 1486 somnis
593 1436 742 1485 etiam
766 1454 934 1488 nonne
959 1440 1257 1502 premendus
1284 1442 1426 1488 eras?

160 1520 379 1582 Inprobe
403 1517 566 1582 fugisti
591 1521 600 1566 1
633 1519 839 1581 jamjam
864 1520 1098 1569 docuitne
1123 1521 1340 1583 puellam

294 1599 491 1648 Evitare
517 1615 656 1647 suam
681 1600 876 1650 Thesea
900 1610 1069 1651 noster
1091 1604 1266 1651 amor?

160 1683 276 1744 Quo
300 1681 462 1745 fugis?
496 1698 560 1729 an
586 1681 754 1730 decuit
779 1682 863 1744 sic,
892 1683 962 1732 sic
986 1701 1067 1733 me
1090 1685 1206 1734 flere
1229 1683 1464 1743 relictam,

293 1763 364 1814 Sit
388 1772 556 1812 tamen
579 1764 701 1812 hora
724 1773 821 1814 tuae
848 1768 1282 1830 quantulacunque
1307 1768 1470 1831 fugae?

157 1847 304 1895 Anne
329 1861 479 1893 manu
504 1844 650 1894 silvas
673 1847 828 1895 multa
852 1846 1122 1897 comitante
1147 1851 1405 1912 pererras?

264 1910 272 1921 ⁸
293 1927 440 1975 Ferre
466 1935 540 1974 sat
565 1942 592 1974 e
616 1926 796 1988 multis,
825 1944 925 1991 quo
950 1929 1090 1992 fugis,
1117 1945 1244 1978 unus
1271 1928 1383 1979 e'rat.

159 2007 316 2067 Idem,
346 2023 458 2070 quae
481 2017 666 2069 metuo,
692 2026 821 2058 vana
846 2019 895 2059 et
919 2010 1126 2060 ridenda
1150 2013 1407 2074 probasset

291 2090 405 2152 Jam
428 2088 563 2150 mihi,
589 2106 707 2139 mox
730 2100 869 2154 grato
895 2101 944 2141 te
968 2093 1219 2152 redeunte,
1249 2092 1352 2141 tibi.

159 2169 343 2219 Omnia
366 2169 569 2219 dixisset
592 2190 602 2220 :
640 2187 749 2235 quae
774 2189 884 2233 VOX,
913 2189 1025 2236 quae
1049 2175 1206 2222 forma
1230 2173 1419 2223 timoris
1441 2192 1453 2234 ;

294 2252 359 2299 Et
383 2250 492 2313 quis
515 2251 567 2299 in
590 2252 784 2301 absenti
809 2262 858 2303 te
883 2254 1003 2302 mihi
1029 2255 1189 2318 pallor
1214 2263 1327 2303 erat.

162 2333 292 2380 Haec
315 2347 515 2395 quoque
537 2332 725 2383 risisses
745 2352 759 2395 3
793 2344 935 2398 rapto
961 2336 1049 2385 sed
1074 2336 1181 2385 sola
1203 2335 1381 2384 marito

294 2412 469 2474 Sicine,
496 2414 723 2475 crudelis,
750 2416 1066 2466 destituenda
1090 2416 1195 2466 fui?

162 2495 270 2544 Nec
294 2495 415 2543 tuba
438 2511 526 2558 per
548 2506 743 2547 montes
768 2515 931 2562 neque
955 2516 1052 2548 vox
1076 2499 1303 2549 venatica
1327 2500 1521 2557 clamat,

293 2575 404 2626 Sive
429 2576 563 2641 fugit,
589 2579 803 2629 moriens
829 2580 931 2631 sive
955 2582 1134 2632 resistit
1158 2599 1285 2645 aper.
