2028 3230
718 248 879 283 LA'rrN
916 247 1180 282 ELEG1Acs.
1567 250 1582 279 1
1593 247 1658 295 99

233 373 423 423 Saecula
445 387 535 420 vos
559 369 737 430 avium,
765 385 877 432 quae
901 367 995 429 vix,
1025 367 1182 427 exilia,
1211 376 1386 416 cantus

304 452 523 517 Fingitis,
551 468 578 501 e
602 467 754 501 verno
779 451 885 500 sola
907 449 1078 499 relicta
1101 450 1254 497 choro

234 537 355 595 Vos,
383 551 495 599 quae
519 533 764 594 decutitis,
793 532 942 594 silvae,
970 531 1185 581 ludibria
1208 530 1370 580 ventis

306 618 589 665 Marcentes
613 614 744 674 anni,
768 616 873 677 jam
898 612 1119 673 senioris,
1148 629 1271 676 opes
1294 617 1302 660 Σ

239 697 481 761 Tegmine
506 713 624 745 mox
647 697 835 756 oculos,
863 704 1112 758 cantuque
1129 693 1362 757 juvabitis
1388 709 1529 742 aures

309 777 519 828 Festivae
542 776 725 838 reduci,
752 793 847 825 nec
872 776 1103 825 diuturna
1126 792 1266 824 mora
1291 784 1365 824 est
1386 794 1395 823 :

241 862 721 922 Frustra—namque
744 857 864 906 mihi
889 873 1145 920 nunquam
1169 855 1441 905 revolubile
1467 866 1663 918 tempus

310 941 541 990 Reddere
565 939 799 1000 laetitiam,
829 956 940 1002 quae
965 938 1054 987 fuit
1079 947 1209 998 ante,
1237 947 1415 1001 potest.

238 1093 401 1140 Arbor
424 1107 531 1154 ego,
559 1088 771 1139 emeritis
796 1088 998 1137 incurva
1022 1096 1071 1137 et
1094 1086 1278 1137 inutilis
1303 1087 1459 1147 annis,

312 1172 635 1235 Flaminaque
660 1179 710 1220 et
733 1170 938 1234 pluvias,
966 1171 1121 1218 multa
1146 1169 1330 1232 diuque
1358 1168 1447 1217 tuli
1468 1187 1476 1216 :

246 1256 395 1303 Nunc
418 1263 586 1302 tamen
610 1251 809 1301 adflavit
832 1251 907 1299 vis
933 1250 1050 1300 saevi
1075 1250 1312 1299 acerrima
1335 1250 1484 1310 venti,

247 1371 249 1373 ψ
312 1337 378 1384 Et
401 1334 528 1398 perit
554 1350 615 1383 ex
637 1333 740 1382 imo
764 1334 888 1382 fibra
921 1349 1150 1396 suprema
1175 1334 1297 1381 solo.

245 1417 443 1466 Fronde
469 1417 696 1465 salutabo
718 1415 855 1462 nulla
881 1430 978 1474 ver,
1005 1415 1110 1463 sole
1136 1431 1230 1462 nec
1255 1423 1402 1462 aestas

314 1499 513 1546 Maturo
537 1513 712 1546 vernas
736 1495 1056 1559 amplificabit
1082 1512 1203 1558 opes
1221 1514 1234 1556 ;

244 1581 338 1628 Ast
363 1595 470 1642 ego,
498 1593 596 1641 qua
620 1575 792 1636 cecidi,
819 1575 999 1625 nimbis
1020 1592 1112 1639 ego
1137 1577 1305 1639 praeda
1325 1576 1522 1638 jacebo,

300 1662 540 1724 'Moxque
565 1658 674 1708 aliae
699 1657 750 1705 in
775 1667 945 1706 nostra
969 1656 1337 1720 conspicientur
1360 1657 1524 1705 humo.

247 1812 348 1859 Tot
371 1810 593 1871 talesque
617 1806 751 1856 vices
775 1805 877 1854 vidi
902 1805 1152 1855 mutabilis
1177 1805 1284 1866 aevi,

317 1892 435 1939 Non
461 1905 553 1953 ego
573 1890 678 1952 Jam
702 1887 822 1936 civis
847 1886 1050 1936 nomine
1076 1887 1126 1935 in
1152 1889 1271 1936 orbe
1296 1887 1459 1948 fruor3

251 1973 376 2020 Exul
401 1971 452 2019 in
475 1969 659 2034 ignotis
683 1968 881 2033 ignotus
907 1977 956 2017 et
981 1968 1099 2031 ipse,
1128 1985 1323 2031 pererro

318 2055 622 2103 Communes
647 2049 919 2110 hominum,
947 2050 1029 2098 vix
1052 2051 1204 2099 homo
1226 2052 1347 2113 jure,
1377 2049 1490 2099 vias.

254 2136 418 2184 Nemo
442 2149 612 2182 aurem
635 2133 839 2195 praebet,
866 2147 1016 2180 nemo
1042 2131 1311 2192 miseratur,
1339 2141 1389 2180 at
1414 2131 1519 2195 ipse

318 2214 544 2264 Sustineo
569 2229 711 2273 curae,
739 2228 834 2260 nec
858 2213 988 2261 levat
1012 2214 1146 2273 alter,
1175 2229 1301 2262 onus
1321 2232 1329 2261 :

253 2297 385 2344 Nam
410 2296 520 2346 silet
543 2293 761 2358 hospitio
787 2293 961 2342 tumuli
986 2294 1191 2358 frigente
1216 2304 1455 2357 repostus,

320 2376 370 2426 Si
393 2376 512 2425 mihi
538 2376 646 2442 quis
672 2391 875 2425 consors
900 2378 1048 2428 vellet
1073 2377 1249 2425 adesse
1272 2374 1402 2424 mali.

256 2525 470 2586 Deinde,
489 2527 626 2575 nefas
646 2529 655 2574 ἔ
681 2526 911 2575 dominus
923 2527 1072 2589 jacet,
1093 2523 1254 2574 omnis
1271 2540 1463 2573 summa
1480 2524 1676 2581 doloriS‚

324 2606 519 2655 Nobilis
544 2606 746 2671 indigna
769 2608 1135 2657 contumulatus
1159 2607 1312 2654 humo
1332 2625 1341 2654 ε

260 2691 371 2738 Rex
395 2687 521 2736 inter
543 2704 680 2751 reges
705 2690 856 2740 fortes
881 2687 1172 2738 fortissimus
1196 2686 1316 2750 ipse,

326 2768 495 2819 Gloria
519 2785 603 2818 rex
627 2769 770 2834 patrii
795 2769 1178 2835 praesidiumque
1205 2767 1307 2817 soli.
