2028 3230
673 233 850 267 GREEK
890 232 1115 266 IAMBICS.
1550 237 1573 266 2
1593 237 1606 266 ῐ

176 354 337 423 εἴρνγει
362 373 437 419 τε,
463 351 649 429 xasa-[513
675 355 838 406 νύκτα
863 354 976 408 πῶς
1002 352 1326 423 τεχνάζεται.

176 438 272 492 οὐκ
297 435 411 492 ἔσθ’
439 437 582 495 ὅπως
609 437 670 489 οὐ
695 435 844 491 τῶνδ’
872 435 966 489 ἀπ’
995 436 1376 503 ἐνθυμημάτων

175 519 483 588 δυσώνυμόν
507 541 560 573 τι
586 519 818 589 κᾶφιλον
841 520 1137 586 «γενήσεται,

172 605 238 671 ἢν
260 603 335 674 μή
359 602 408 673 «γ’
437 603 638 672 ἀκεσθῇ
665 609 780 662 ταῖς
805 603 979 675 φίλων
1006 603 1323 666 εὐβουλίαις.

250 771 420 824 BEN.
439 769 548 840 Ἀρ
580 770 671 823 οὖν
688 768 968 831 κάτοισθα,
981 768 1100 827 θεῖε,
1114 766 1210 834 τὴν
1225 767 1375 822 τῶνδ’
1394 768 1569 822 αἰτίαν
1595 796 1605 828 ,-

249 936 442 988 ΜΟΝ.
482 935 602 989 Οὐκ
646 932 776 995 οἶδα,
823 936 1020 988 καύτοῦ
1058 931 1106 1000 ’γ’
1153 934 1248 987 οὐκ
1286 933 1394 1006 ἔχω
1434 934 1494 986 τί
1524 957 1610 987 σοι.

318 1017 522 1082 μαθεῖν.

251 1185 423 1237 BEN.
466 1182 845 1256 Ἐλιπάρησας
871 1182 975 1254 ἆρα
1001 1182 1167 1236 πάντι
1192 1204 1271 1236 νιν
1297 1182 1479 1253 τρόπῳ
1502 1207 1516 1244 ;

249 1350 444 1403 MON.
483 1348 658 1406 Αὐτός
683 1371 757 1412 τε,
786 1348 1056 1405 πολλάκις
1082 1370 1140 1402 τε
1165 1351 1270 1402 τῶν
1296 1347 1471 1419 φίλων
1496 1349 1596 1403 δία·

171 1433 330 1489 ἀὐτὸς
386 1431 399 1450 ’
428 1431 598 1505 ἑαυτῷ
623 1431 916 1487 σκέπτεται
943 1431 1254 1500 σύμβουλος
1281 1433 1366 1495 ὢν,

174 1517 368 1574 πιστὸς
392 1516 504 1584 μὲν,
535 1516 581 1570 εἰ
606 1515 668 1583 δὴ
694 1516 904 1576 πιστὸς,
933 1515 1000 1573 ὡς
1027 1516 1307 1588 ὑπερφυῶς

174 1600 318 1654 οὔτοι
343 1598 545 1668 λέγοιμ’
574 1600 652 1662 ἂν,
681 1598 831 1654 ἀλλὰ
857 1598 1087 1667 κρυπτὸς
1110 1603 1238 1665 ’γοῦν
1263 1598 1438 1661 τόσον,

175 1683 337 1737 τόσον
362 1682 408 1735 τ’
435 1682 635 1736 ἄπεστι
659 1686 754 1736 τοῦ
779 1704 832 1736 τι
857 1682 988 1753 πρὸς
1015 1681 1075 1736 τὸ
1103 1686 1212 1751 φῶς
1238 1682 1401 1750 ἄγειν,

173 1766 404 1835 ὅσονπερ
430 1764 588 1822 ἄνθος
613 1764 819 1819 ἔνδοθεν
844 1765 1182 1837 κεκρυμμένῳ

175 1848 473 1922 ἐπιφθόνως
498 1847 741 1914 σκώληκι
765 1848 1047 1918 λυμανθὲν,
1074 1849 1202 1920 πρὶν
1227 1848 1293 1902 ἂν

171 1933 380 1987 κάλυκα
404 1936 659 2000 ’γλυκεῖαν
684 1931 1107 1985 ἐκπετάννυσθαι
1133 1931 1295 2002 σθὲνῃ

173 2013 357 2068 δοῦναί
379 2013 425 2067 θ’
452 2015 640 2070 ἑαυτοῦ
661 2019 772 2069 πᾶν
797 2015 857 2069 τὸ
884 2017 1086 2074 κάλλος
1112 2015 1262 2087 ἡλίῳ.

172 2097 220 2153 εἰ
245 2097 286 2151 δ’
314 2099 405 2152 οὖν
430 2099 623 2167 παρείη
648 2099 798 2152 τοῦδε
825 2103 918 2153 τοῦ
943 2098 1290 2166 δυσδαίμονος

170 2181 360 2250 μαθεῖν
384 2179 606 2252 ὅθενπερ
633 2181 770 2236 εἰσὶν
795 2182 847 2237 οἱ
868 2181 1040 2247 πόνοι,
1067 2182 1174 2236 τότ’
1204 2183 1270 2236 ἂν

173 2264 429 2330 μαθόντες
455 2265 695 2329 ἀσμένως
720 2265 786 2320 ἂν
811 2265 1117 2335 ἰασαίμεθα.

1125 2435 1179 2483 C.
1212 2436 1261 2482 P.
1295 2436 1363 2493 P.‚
1398 2437 1534 2495 1847.
