2028 3230
813 237 904 288 227

451 809 742 893 LATIN
798 808 1276 869 ELEGIACS.

427 1005 458 1025 “
473 1001 704 1045 Destrictus
723 1003 831 1044 ensis
850 1003 915 1044 cui
935 1015 1058 1055 super
1074 1002 1204 1055 impia

478 1072 649 1112 Cervice
668 1072 833 1125 pendet,
859 1085 944 1111 non
966 1071 1115 1111 Siculae
1134 1071 1263 1124 dapes

476 1141 656 1181 Dulcem
675 1141 947 1181 elaborabunt
967 1138 1476 1192 saporem.''—HORACE.

156 1308 474 1356 ExcUT1TUR
497 1297 676 1353 somno
699 1302 865 1352 media
889 1303 952 1352 de
977 1311 1127 1351 nocte
1153 1302 1385 1351 sacerdos

219 1386 441 1446 Brunius,
469 1393 519 1434 et
540 1383 696 1433 nimio
721 1385 873 1433 corda
897 1384 1072 1432 timore
1097 1383 1283 1432 micant
1303 1403 1312 1432 ε

150 1468 349 1519 Scilicet
372 1467 422 1515 in
447 1465 634 1516 somnis
658 1465 790 1515 visus
815 1467 1010 1529 pulsare
1034 1464 1186 1528 palati

219 1549 376 1610 Ostia,
403 1550 632 1598 funereos
657 1547 813 1596 audiit
838 1547 955 1596 inde
979 1548 1170 1596 modos.

151 1714 269 1776 Ipse
294 1710 388 1760 sibi
411 1711 643 1760 adridens
668 1719 902 1760 terrorem
927 1709 1069 1773 ponit
1093 1709 1305 1769 inanem,

219 1795 347 1843 Mox
369 1793 545 1843 iterum
570 1792 731 1842 somni
755 1791 996 1854 rumpitur
1019 1792 1150 1839 alma
1175 1790 1315 1854 quies
1334 1809 1347 1851 ;

107 1907 111 1911 -
151 1875 296 1926 Ostia
322 1873 412 1940 (sic
436 1872 589 1940 visus)
616 1890 805 1922 rursum
830 1874 1062 1936 pulsarat,
1092 1881 1139 1921 et
1164 1871 1272 1935 ipsa

217 1955 412 2020 Janitor
434 1945 625 2006 incedit
643 1972 790 2015 mors,
818 1963 1098 2017 reseratque
1123 1945 1262 2002 fores.

152 2119 373 2169 Territus
400 2119 596 2169 exsiluit
619 2118 765 2168 visis:
803 2118 1017 2166 infausta
1041 2118 1306 2166 fenestram

222 2201 512 2251 Praeteriens
535 2218 711 2250 raucos
737 2200 853 2250 strix
877 2200 1028 2248 dabat
1054 2215 1138 2248 ore
1164 2215 1314 2247 sonos
1338 2201 1347 2246 1

155 2284 274 2332 Non
298 2282 475 2332 iterum
499 2284 710 2347 posthac
735 2280 954 2345 trepidos
980 2297 1129 2343 sopor
1153 2289 1366 2342 occupat
1390 2289 1520 2328 artus
1547 2298 1555 2336 ;

222 2363 468 2412 Laetitiam
493 2367 553 2414 o!
590 2373 827 2427 quantam
851 2364 934 2411 lux
958 2361 1176 2411 rediviva
1201 2360 1340 2410 dedit
1364 2363 1372 2407 t

156 2525 221 2573 Et
242 2524 346 2586 J'am
371 2541 485 2573 cum
508 2541 694 2589 pompa
717 2524 1039 2589 proficiscitur
1063 2524 1145 2573 ille
1170 2526 1393 2586 superba,

225 2607 456 2669 Namque
481 2605 572 2656 erit
595 2606 646 2655 in
669 2607 794 2671 regis
819 2623 967 2655 coena
990 2604 1230 2655 hodierna
1255 2605 1407 2652 domo
1433 2623 1440 2651 :

155 2689 302 2736 Tunc
326 2704 557 2751 proceres
580 2690 744 2738 nullos
767 2688 917 2738 mittit
943 2686 1210 2737 Germania
1233 2686 1377 2734 tellus

225 2770 485 2819 Deductos
510 2768 748 2819 comitum
772 2769 1015 2819 nobiliore
1039 2784 1199 2817 manu.

1274 2861 1307 2904 Q
