2028 3230
538 851 830 912 LATIN
886 848 1369 909 ELEGIACS.

240 1067 551 1115 PROCUBmT
570 1064 781 1114 vitreum
804 1072 973 1127 pastor
997 1062 1219 1112 desertus
1242 1063 1308 1111 ad
1331 1078 1546 1121 amnem,

308 1148 548 1196 Desertus
573 1145 791 1195 dominae
816 1144 1099 1208 proditione
1124 1159 1224 1192 suae
1246 1161 1261 1204 3

242 1231 377 1278 Dum
402 1227 551 1277 miser
572 1227 739 1277 infidae
763 1226 946 1276 cecinit
968 1225 1182 1290 perjuria
1203 1225 1451 1293 nymphae,

311 1312 575 1360 Defessum
600 1310 777 1359 salices
801 1309 1076 1358 sustinuere
1101 1317 1261 1372 caput.

244 1391 471 1442 Flamina
492 1408 581 1456 per
602 1393 730 1441 latos
753 1391 890 1440 venti
914 1390 1196 1440 resonantia
1220 1405 1425 1454 campos

310 1474 392 1522 Ad
417 1482 648 1537 questum
672 1482 850 1536 questu
875 1489 1204 1536 congemuere
1230 1489 1320 1521 suo
1340 1489 1353 1532 ;

242 1556 325 1604 Ad
347 1555 559 1620 gemitus
581 1555 712 1604 rivus
737 1554 957 1615 miseros,
986 1570 1270 1617 saevumque
1295 1554 1534 1613 dolorem,

312 1636 608 1701 Respondit,
636 1638 843 1700 querulo
867 1636 1201 1701 praeteriitque
1226 1652 1362 1686 sono.

244 1800 461 1851 Stultitia
483 1801 577 1850 ah!
614 1799 847 1849 miserum
872 1816 959 1847 cur
980 1809 1086 1848 tum
1111 1816 1192 1848 me
1216 1808 1355 1848 tanta
1379 1799 1623 1848 tenebat?

316 1882 647 1950 (Illacrimans
670 1884 795 1932 tales
821 1882 976 1931 edidit
1001 1898 1086 1931 ore
1111 1898 1260 1931 sonos
1281 1881 1315 1946 3)

245 1967 415 2028 Quum
439 1964 618 2014 faciem
641 1964 897 2027 pulchram
921 1962 1024 2012 vidi
1047 1962 1275 2026 primum,
1302 1962 1420 2011 inde
1446 1977 1637 2011 sorores

315 2048 605 2097 Debuerant
628 2047 764 2095 fusos
789 2044 1032 2094 evoluisse
1056 2061 1207 2094 meos.

246 2130 416 2178 Verba
438 2128 591 2188 dedit,
618 2127 800 2191 linguae
826 2143 952 2175 carae
978 2143 1086 2175 sum
1110 2128 1270 2175 fausta
1293 2134 1521 2190 precatus
1542 2143 1555 2185 3

315 2210 460 2271 Risit,
488 2220 537 2260 et
559 2211 626 2259 ah
647 2213 658 2259 l
694 2209 902 2258 nimium
927 2209 1050 2258 risus
1074 2225 1300 2257 amoenus
1326 2216 1428 2256 erat
1447 2224 1460 2267 ;

246 2290 296 2341 Si
321 2308 439 2340 vero
464 2291 658 2352 cecinit,
687 2300 862 2354 captus
887 2290 1166 2351 dulcedine,
1194 2289 1310 2350 dixi,

318 2372 506 2422 Effudit
528 2372 707 2437 pariles
731 2389 851 2421 num
877 2372 1154 2421 Philomela
1176 2372 1355 2420 modos
1379 2375 1387 2419 !

251 2535 530 2587 Credulitas
551 2535 674 2584 mihi
699 2545 885 2599 quanta
907 2535 996 2584 fuit
1017 2537 1026 2583 1
1063 2535 1150 2598 qui
1173 2544 1341 2600 posset
1366 2550 1529 2583 amare

319 2619 409 2668 Me
432 2617 665 2667 miserum
689 2626 827 2666 tanta
850 2616 1120 2665 rusticitate
1145 2633 1351 2680 procum
1374 2619 1383 2663 Ξ

252 2698 356 2761 Qui
378 2697 485 2748 sine
507 2715 611 2748 non
634 2715 816 2762 magno
841 2699 990 2759 luctu,
1019 2698 1106 2761 qui
1129 2698 1351 2761 linquere
1374 2704 1543 2759 posset

318 2781 660 2844 Splendorem‚
690 2789 738 2828 et
763 2779 940 2839 socios,
968 2781 1089 2828 urbe
1114 2779 1319 2838 abitura,
1347 2779 1493 2826 suos!
