<?xml version="1.0" encoding="UTF-8"?>
<!DOCTYPE html PUBLIC "-//W3C//DTD XHTML 1.0 Transitional//EN"
    "http://www.w3.org/TR/xhtml1/DTD/xhtml1-transitional.dtd">
<html xmlns="http://www.w3.org/1999/xhtml" xml:lang="en" lang="en">
 <head>
  <title>
</title>
<meta http-equiv="Content-Type" content="text/html;charset=utf-8" />
  <meta name='ocr-system' content='tesseract 3.04.00' />
  <meta name='ocr-capabilities' content='ocr_page ocr_carea ocr_par ocr_line ocrx_word'/>
</head>
<body>
  <div class='ocr_page' id='page_1' title='image "./flosculicheltoni00jerruoft_0477.png"; bbox 0 0 2028 3230; ppageno 0'>
   <div class='ocr_carea' id='block_1_1' title="bbox 859 241 959 290">
    <p class='ocr_par' dir='ltr' id='par_1_1' title="bbox 859 241 959 290">
     <span class='ocr_line' id='line_1_1' title="bbox 859 241 959 290; baseline 0.02 -3"><span class='ocrx_word' id='word_1_1' title='bbox 859 241 959 290; x_wconf 76' lang='lat'>449</span> 
     </span>
    </p>
   </div>
   <div class='ocr_carea' id='block_1_2' title="bbox 413 847 1400 909">
    <p class='ocr_par' dir='ltr' id='par_1_2' title="bbox 413 847 1400 909">
     <span class='ocr_line' id='line_1_2' title="bbox 413 847 1400 909; baseline 0.001 -2"><span class='ocrx_word' id='word_1_2' title='bbox 413 847 687 907; x_wconf 85' lang='lat' dir='ltr'>INDIA</span> <span class='ocrx_word' id='word_1_3' title='bbox 743 848 1400 909; x_wconf 79' lang='lat' dir='ltr'><strong>RECUPERATA.</strong></span> 
     </span>
    </p>
   </div>
   <div class='ocr_carea' id='block_1_3' title="bbox 551 1040 1263 1082">
    <p class='ocr_par' dir='ltr' id='par_1_3' title="bbox 551 1040 1263 1082">
     <span class='ocr_line' id='line_1_3' title="bbox 551 1040 1263 1082; baseline 0.001 -1"><span class='ocrx_word' id='word_1_4' title='bbox 551 1045 561 1062; x_wconf 91' lang='lat'>‘</span> <span class='ocrx_word' id='word_1_5' title='bbox 571 1045 581 1062; x_wconf 93' lang='lat'>‘</span> <span class='ocrx_word' id='word_1_6' title='bbox 594 1042 709 1082; x_wconf 83' lang='lat' dir='ltr'>Male</span> <span class='ocrx_word' id='word_1_7' title='bbox 728 1042 893 1082; x_wconf 84' lang='lat' dir='ltr'>creditis</span> <span class='ocrx_word' id='word_1_8' title='bbox 913 1042 1033 1082; x_wconf 86' lang='lat' dir='ltr'>hosti.</span> <span class='ocrx_word' id='word_1_9' title='bbox 1043 1040 1263 1082; x_wconf 89' lang='lat' dir='ltr'>’&#39;——OV1D.</span> 
     </span>
    </p>
   </div>
   <div class='ocr_carea' id='block_1_4' title="bbox 187 1202 1607 2490">
    <p class='ocr_par' dir='ltr' id='par_1_4' title="bbox 187 1202 1564 1674">
     <span class='ocr_line' id='line_1_4' title="bbox 193 1202 1470 1268; baseline 0.003 -19"><span class='ocrx_word' id='word_1_10' title='bbox 193 1202 316 1250; x_wconf 85' lang='lat' dir='ltr'>Nox</span> <span class='ocrx_word' id='word_1_11' title='bbox 339 1202 448 1263; x_wconf 88' lang='lat' dir='ltr'>ruit,</span> <span class='ocrx_word' id='word_1_12' title='bbox 475 1203 526 1251; x_wconf 91' lang='lat' dir='ltr'>in</span> <span class='ocrx_word' id='word_1_13' title='bbox 550 1202 720 1252; x_wconf 83' lang='lat' dir='ltr'>castris</span> <span class='ocrx_word' id='word_1_14' title='bbox 745 1203 1007 1266; x_wconf 82' lang='lat' dir='ltr'>tranquilla</span> <span class='ocrx_word' id='word_1_15' title='bbox 1032 1204 1226 1253; x_wconf 86' lang='lat' dir='ltr'>silentia</span> <span class='ocrx_word' id='word_1_16' title='bbox 1249 1214 1470 1268; x_wconf 83' lang='lat' dir='ltr'>regnant,</span> 
     </span>
     <span class='ocr_line' id='line_1_5' title="bbox 193 1283 1564 1350; baseline 0.003 -19"><span class='ocrx_word' id='word_1_17' title='bbox 193 1283 312 1332; x_wconf 93' lang='lat' dir='ltr'>Non</span> <span class='ocrx_word' id='word_1_18' title='bbox 335 1300 447 1344; x_wconf 86' lang='lat' dir='ltr'>vox,</span> <span class='ocrx_word' id='word_1_19' title='bbox 474 1300 576 1332; x_wconf 91' lang='lat' dir='ltr'>non</span> <span class='ocrx_word' id='word_1_20' title='bbox 602 1284 805 1345; x_wconf 85' lang='lat' dir='ltr'>sonitus,</span> <span class='ocrx_word' id='word_1_21' title='bbox 832 1285 926 1333; x_wconf 90' lang='lat' dir='ltr'>nisi</span> <span class='ocrx_word' id='word_1_22' title='bbox 951 1302 1049 1348; x_wconf 82' lang='lat' dir='ltr'>qua</span> <span class='ocrx_word' id='word_1_23' title='bbox 1073 1287 1189 1334; x_wconf 83' lang='lat' dir='ltr'>data</span> <span class='ocrx_word' id='word_1_24' title='bbox 1214 1296 1399 1335; x_wconf 81' lang='lat' dir='ltr'>tessera</span> <span class='ocrx_word' id='word_1_25' title='bbox 1423 1286 1564 1350; x_wconf 89' lang='lat' dir='ltr'>signo</span> 
     </span>
     <span class='ocr_line' id='line_1_6' title="bbox 187 1363 1453 1431; baseline 0.003 -19"><span class='ocrx_word' id='word_1_26' title='bbox 187 1363 404 1417; x_wconf 67' lang='lat' dir='ltr'>‚Auditur</span> <span class='ocrx_word' id='word_1_27' title='bbox 425 1365 626 1428; x_wconf 89' lang='lat' dir='ltr'>vigilum</span> <span class='ocrx_word' id='word_1_28' title='bbox 652 1365 814 1426; x_wconf 92' lang='lat' dir='ltr'>solito,</span> <span class='ocrx_word' id='word_1_29' title='bbox 840 1367 1025 1415; x_wconf 83' lang='lat' dir='ltr'>clarum</span> <span class='ocrx_word' id='word_1_30' title='bbox 1050 1368 1234 1416; x_wconf 82' lang='lat' dir='ltr'>aethera</span> <span class='ocrx_word' id='word_1_31' title='bbox 1258 1367 1453 1431; x_wconf 88' lang='lat' dir='ltr'>rumpit,</span> 
     </span>
     <span class='ocr_line' id='line_1_7' title="bbox 193 1447 1561 1512; baseline 0.001 -18"><span class='ocrx_word' id='word_1_32' title='bbox 193 1447 310 1495; x_wconf 88' lang='lat' dir='ltr'>Nox</span> <span class='ocrx_word' id='word_1_33' title='bbox 331 1447 564 1507; x_wconf 85' lang='lat' dir='ltr'>ruit‚—at</span> <span class='ocrx_word' id='word_1_34' title='bbox 587 1449 777 1510; x_wconf 86' lang='lat' dir='ltr'><strong>nullum</strong></span> <span class='ocrx_word' id='word_1_35' title='bbox 801 1449 894 1496; x_wconf 90' lang='lat' dir='ltr'>fert</span> <span class='ocrx_word' id='word_1_36' title='bbox 918 1465 1018 1496; x_wconf 88' lang='lat' dir='ltr'>nox</span> <span class='ocrx_word' id='word_1_37' title='bbox 1043 1448 1306 1511; x_wconf 83' lang='lat' dir='ltr'>tranquilla</span> <span class='ocrx_word' id='word_1_38' title='bbox 1332 1465 1561 1512; x_wconf 88' lang='lat' dir='ltr'>soporem</span> 
     </span>
     <span class='ocr_line' id='line_1_8' title="bbox 192 1528 1495 1593; baseline 0.002 -17"><span class='ocrx_word' id='word_1_39' title='bbox 192 1528 464 1578; x_wconf 89' lang='lat' dir='ltr'>Militibus:</span> <span class='ocrx_word' id='word_1_40' title='bbox 501 1528 623 1592; x_wconf 90' lang='lat' dir='ltr'>quid</span> <span class='ocrx_word' id='word_1_41' title='bbox 646 1529 777 1579; x_wconf 89' lang='lat' dir='ltr'>enirn</span> <span class='ocrx_word' id='word_1_42' title='bbox 803 1539 975 1590; x_wconf 84' lang='lat' dir='ltr'>coetus,</span> <span class='ocrx_word' id='word_1_43' title='bbox 1004 1530 1124 1593; x_wconf 91' lang='lat' dir='ltr'>quid</span> <span class='ocrx_word' id='word_1_44' title='bbox 1148 1530 1354 1593; x_wconf 86' lang='lat' dir='ltr'>pignore</span> <span class='ocrx_word' id='word_1_45' title='bbox 1379 1540 1495 1578; x_wconf 80' lang='lat' dir='ltr'>vota</span> 
     </span>
     <span class='ocr_line' id='line_1_9' title="bbox 190 1610 1321 1674; baseline 0.002 -16"><span class='ocrx_word' id='word_1_46' title='bbox 190 1613 387 1659; x_wconf 82' lang='lat' dir='ltr'>Arcano</span> <span class='ocrx_word' id='word_1_47' title='bbox 410 1611 615 1670; x_wconf 86' lang='lat' dir='ltr'>firmata,</span> <span class='ocrx_word' id='word_1_48' title='bbox 643 1610 764 1674; x_wconf 91' lang='lat' dir='ltr'>quid</span> <span class='ocrx_word' id='word_1_49' title='bbox 789 1611 922 1660; x_wconf 81' lang='lat' dir='ltr'>edita</span> <span class='ocrx_word' id='word_1_50' title='bbox 945 1613 1095 1660; x_wconf 82' lang='lat' dir='ltr'>verba</span> <span class='ocrx_word' id='word_1_51' title='bbox 1121 1611 1321 1660; x_wconf 91' lang='lat' dir='ltr'>silentes</span> 
     </span>
    </p>

    <p class='ocr_par' dir='ltr' id='par_1_5' title="bbox 189 1691 1388 1756">
     <span class='ocr_line' id='line_1_10' title="bbox 189 1691 1388 1756; baseline 0 -16"><span class='ocrx_word' id='word_1_52' title='bbox 189 1691 334 1740; x_wconf 82' lang='lat' dir='ltr'>Talia</span> <span class='ocrx_word' id='word_1_53' title='bbox 356 1691 632 1756; x_wconf 87' lang='lat' dir='ltr'>significant</span> <span class='ocrx_word' id='word_1_54' title='bbox 655 1692 870 1742; x_wconf 86' lang='lat' dir='ltr'>demissa</span> <span class='ocrx_word' id='word_1_55' title='bbox 893 1709 1018 1741; x_wconf 88' lang='lat' dir='ltr'>voce</span> <span class='ocrx_word' id='word_1_56' title='bbox 1043 1709 1130 1756; x_wconf 92' lang='lat' dir='ltr'>per</span> <span class='ocrx_word' id='word_1_57' title='bbox 1152 1694 1388 1741; x_wconf 83' lang='lat' dir='ltr'>umbras?</span> 
     </span>
    </p>

    <p class='ocr_par' dir='ltr' id='par_1_6' title="bbox 187 1772 1445 2409">
     <span class='ocr_line' id='line_1_11' title="bbox 192 1772 1433 1836; baseline 0.001 -16"><span class='ocrx_word' id='word_1_58' title='bbox 192 1777 219 1798; x_wconf 90' lang='lat'><strong>“</strong></span> <span class='ocrx_word' id='word_1_59' title='bbox 238 1774 373 1821; x_wconf 89' lang='lat' dir='ltr'>Num</span> <span class='ocrx_word' id='word_1_60' title='bbox 396 1772 517 1836; x_wconf 85' lang='lat' dir='ltr'>sugit</span> <span class='ocrx_word' id='word_1_61' title='bbox 540 1772 624 1821; x_wconf 85' lang='lat' dir='ltr'>illa</span> <span class='ocrx_word' id='word_1_62' title='bbox 649 1774 800 1822; x_wconf 88' lang='lat' dir='ltr'>semel</span> <span class='ocrx_word' id='word_1_63' title='bbox 826 1783 1029 1822; x_wconf 82' lang='lat' dir='ltr'>sacratae</span> <span class='ocrx_word' id='word_1_64' title='bbox 1054 1772 1258 1836; x_wconf 84' lang='lat' dir='ltr'>pristina</span> <span class='ocrx_word' id='word_1_65' title='bbox 1282 1773 1433 1821; x_wconf 88' lang='lat' dir='ltr'>virtus</span> 
     </span>
     <span class='ocr_line' id='line_1_12' title="bbox 190 1853 1445 1918; baseline 0 -15"><span class='ocrx_word' id='word_1_66' title='bbox 190 1853 366 1903; x_wconf 87' lang='lat' dir='ltr'>Gentis</span> <span class='ocrx_word' id='word_1_67' title='bbox 383 1856 426 1915; x_wconf 61' lang='lat'><strong>²¹3⁸,</strong></span> <span class='ocrx_word' id='word_1_68' title='bbox 454 1864 503 1904; x_wconf 91' lang='lat' dir='ltr'>et</span> <span class='ocrx_word' id='word_1_69' title='bbox 528 1854 805 1918; x_wconf 91' lang='lat' dir='ltr'>hospitibus</span> <span class='ocrx_word' id='word_1_70' title='bbox 830 1854 1044 1903; x_wconf 85' lang='lat' dir='ltr'>cessabit</span> <span class='ocrx_word' id='word_1_71' title='bbox 1068 1854 1198 1903; x_wconf 84' lang='lat' dir='ltr'>victa</span> <span class='ocrx_word' id='word_1_72' title='bbox 1223 1855 1445 1917; x_wconf 89' lang='lat' dir='ltr'>superbis</span> 
     </span>
     <span class='ocr_line' id='line_1_13' title="bbox 188 1936 1393 2000; baseline 0.001 -16"><span class='ocrx_word' id='word_1_73' title='bbox 188 1936 417 2000; x_wconf 81' lang='lat' dir='ltr'>Refligio,</span> <span class='ocrx_word' id='word_1_74' title='bbox 444 1938 620 2000; x_wconf 88' lang='lat' dir='ltr'>longos</span> <span class='ocrx_word' id='word_1_75' title='bbox 646 1946 695 1986; x_wconf 90' lang='lat' dir='ltr'>et</span> <span class='ocrx_word' id='word_1_76' title='bbox 719 1937 898 1986; x_wconf 82' lang='lat' dir='ltr'>tradita</span> <span class='ocrx_word' id='word_1_77' title='bbox 923 1953 1061 1985; x_wconf 84' lang='lat' dir='ltr'>sacra</span> <span class='ocrx_word' id='word_1_78' title='bbox 1084 1953 1173 1999; x_wconf 92' lang='lat' dir='ltr'>per</span> <span class='ocrx_word' id='word_1_79' title='bbox 1197 1939 1393 1985; x_wconf 84' lang='lat' dir='ltr'>annos?</span> 
     </span>
     <span class='ocr_line' id='line_1_14' title="bbox 189 2017 1314 2081; baseline -0.002 -14"><span class='ocrx_word' id='word_1_80' title='bbox 189 2020 372 2067; x_wconf 89' lang='lat' dir='ltr'>Nonne</span> <span class='ocrx_word' id='word_1_81' title='bbox 398 2018 528 2078; x_wconf 86' lang='lat' dir='ltr'>satis,</span> <span class='ocrx_word' id='word_1_82' title='bbox 555 2017 764 2081; x_wconf 85' lang='lat' dir='ltr'>patriam</span> <span class='ocrx_word' id='word_1_83' title='bbox 790 2034 920 2067; x_wconf 86' lang='lat' dir='ltr'>saeva</span> <span class='ocrx_word' id='word_1_84' title='bbox 944 2018 1132 2066; x_wconf 87' lang='lat' dir='ltr'>ditione</span> <span class='ocrx_word' id='word_1_85' title='bbox 1158 2017 1314 2066; x_wconf 91' lang='lat' dir='ltr'>teneri</span> 
     </span>
     <span class='ocr_line' id='line_1_15' title="bbox 188 2097 1410 2162; baseline -0.002 -14"><span class='ocrx_word' id='word_1_86' title='bbox 188 2101 514 2148; x_wconf 87' lang='lat' dir='ltr'>Externorum</span> <span class='ocrx_word' id='word_1_87' title='bbox 539 2098 810 2158; x_wconf 86' lang='lat' dir='ltr'>hominum,</span> <span class='ocrx_word' id='word_1_88' title='bbox 839 2116 931 2148; x_wconf 89' lang='lat' dir='ltr'>nos</span> <span class='ocrx_word' id='word_1_89' title='bbox 955 2099 1090 2162; x_wconf 90' lang='lat' dir='ltr'>ipsos</span> <span class='ocrx_word' id='word_1_90' title='bbox 1114 2115 1264 2162; x_wconf 83' lang='lat' dir='ltr'>regna</span> <span class='ocrx_word' id='word_1_91' title='bbox 1288 2097 1410 2147; x_wconf 90' lang='lat' dir='ltr'>tueri</span> 
     </span>
     <span class='ocr_line' id='line_1_16' title="bbox 189 2181 1409 2244; baseline 0.001 -16"><span class='ocrx_word' id='word_1_92' title='bbox 189 2182 385 2242; x_wconf 85' lang='lat' dir='ltr'>Nostra,</span> <span class='ocrx_word' id='word_1_93' title='bbox 412 2198 505 2231; x_wconf 89' lang='lat' dir='ltr'>nec</span> <span class='ocrx_word' id='word_1_94' title='bbox 530 2181 711 2231; x_wconf 86' lang='lat' dir='ltr'>invitos</span> <span class='ocrx_word' id='word_1_95' title='bbox 735 2181 909 2230; x_wconf 84' lang='lat' dir='ltr'>alienis</span> <span class='ocrx_word' id='word_1_96' title='bbox 935 2182 1127 2230; x_wconf 84' lang='lat' dir='ltr'><strong>tradere</strong></span> <span class='ocrx_word' id='word_1_97' title='bbox 1151 2181 1409 2244; x_wconf 77' lang='lat' dir='ltr'>praedam?</span> 
     </span>
     <span class='ocr_line' id='line_1_17' title="bbox 189 2263 1403 2326; baseline -0.001 -15"><span class='ocrx_word' id='word_1_98' title='bbox 189 2264 428 2325; x_wconf 86' lang='lat' dir='ltr'>Cognatae</span> <span class='ocrx_word' id='word_1_99' title='bbox 451 2265 664 2326; x_wconf 91' lang='lat' dir='ltr'>populos</span> <span class='ocrx_word' id='word_1_100' title='bbox 690 2263 851 2326; x_wconf 90' lang='lat' dir='ltr'>stirpis</span> <span class='ocrx_word' id='word_1_101' title='bbox 868 2267 912 2324; x_wconf 86' lang='lat'>†,</span> <span class='ocrx_word' id='word_1_102' title='bbox 941 2272 1191 2325; x_wconf 86' lang='lat' dir='ltr'>terrasque</span> <span class='ocrx_word' id='word_1_103' title='bbox 1216 2264 1403 2311; x_wconf 82' lang='lat' dir='ltr'>feraces</span> 
     </span>
     <span class='ocr_line' id='line_1_18' title="bbox 187 2344 1388 2409; baseline -0.001 -17"><span class='ocrx_word' id='word_1_104' title='bbox 187 2345 379 2393; x_wconf 86' lang='lat' dir='ltr'>Fraude</span> <span class='ocrx_word' id='word_1_105' title='bbox 403 2344 621 2408; x_wconf 91' lang='lat' dir='ltr'>doloque</span> <span class='ocrx_word' id='word_1_106' title='bbox 647 2346 758 2409; x_wconf 83' lang='lat' dir='ltr'>capi</span> <span class='ocrx_word' id='word_1_107' title='bbox 785 2362 917 2394; x_wconf 90' lang='lat' dir='ltr'>saevo</span> <span class='ocrx_word' id='word_1_108' title='bbox 943 2345 1186 2409; x_wconf 84' lang='lat' dir='ltr'>patiemur</span> <span class='ocrx_word' id='word_1_109' title='bbox 1211 2344 1388 2393; x_wconf 88' lang='lat' dir='ltr'>inulti?</span> 
     </span>
    </p>

    <p class='ocr_par' dir='ltr' id='par_1_7' title="bbox 189 2423 1607 2490">
     <span class='ocr_line' id='line_1_19' title="bbox 189 2423 1607 2490; baseline -0.001 -19"><span class='ocrx_word' id='word_1_110' title='bbox 189 2425 326 2472; x_wconf 87' lang='lat' dir='ltr'>Dura</span> <span class='ocrx_word' id='word_1_111' title='bbox 344 2424 544 2487; x_wconf 90' lang='lat' dir='ltr'>quidem</span> <span class='ocrx_word' id='word_1_112' title='bbox 565 2427 574 2472; x_wconf 79' lang='lat'>1</span> <span class='ocrx_word' id='word_1_113' title='bbox 600 2427 688 2475; x_wconf 88' lang='lat' dir='ltr'>sed</span> <span class='ocrx_word' id='word_1_114' title='bbox 707 2436 902 2490; x_wconf 90' lang='lat' dir='ltr'>tempus</span> <span class='ocrx_word' id='word_1_115' title='bbox 921 2428 1062 2476; x_wconf 84' lang='lat' dir='ltr'>adest</span> <span class='ocrx_word' id='word_1_116' title='bbox 1077 2427 1179 2489; x_wconf 82' lang='lat' dir='ltr'>jam</span> <span class='ocrx_word' id='word_1_117' title='bbox 1202 2436 1396 2487; x_wconf 90' lang='lat' dir='ltr'>tempus</span> <span class='ocrx_word' id='word_1_118' title='bbox 1415 2423 1607 2486; x_wconf 83' lang='lat' dir='ltr'>agendi,</span> 
     </span>
    </p>
   </div>
   <div class='ocr_carea' id='block_1_5' title="bbox 186 2577 1619 2827">
    <p class='ocr_par' dir='ltr' id='par_1_8' title="bbox 187 2577 1612 2683">
     <span class='ocr_line' id='line_1_20' title="bbox 241 2577 1612 2630; baseline 0 -13"><span class='ocrx_word' id='word_1_119' title='bbox 241 2577 266 2600; x_wconf 68' lang='lat'>&#39;⁵</span> <span class='ocrx_word' id='word_1_120' title='bbox 295 2577 387 2618; x_wconf 88' lang='lat' dir='ltr'>The</span> <span class='ocrx_word' id='word_1_121' title='bbox 406 2578 637 2630; x_wconf 88' lang='lat' dir='ltr'>high-caste</span> <span class='ocrx_word' id='word_1_122' title='bbox 659 2580 890 2629; x_wconf 87' lang='lat' dir='ltr'>Brahmins‚</span> <span class='ocrx_word' id='word_1_123' title='bbox 915 2581 1010 2620; x_wconf 92' lang='lat' dir='ltr'>who</span> <span class='ocrx_word' id='word_1_124' title='bbox 1032 2593 1138 2619; x_wconf 87' lang='lat' dir='ltr'>were</span> <span class='ocrx_word' id='word_1_125' title='bbox 1159 2579 1227 2618; x_wconf 86' lang='lat' dir='ltr'>the</span> <span class='ocrx_word' id='word_1_126' title='bbox 1248 2578 1362 2617; x_wconf 85' lang='lat' dir='ltr'>chief</span> <span class='ocrx_word' id='word_1_127' title='bbox 1376 2577 1612 2629; x_wconf 74' lang='lat' dir='ltr'>instigators</span> 
     </span>
     <span class='ocr_line' id='line_1_21' title="bbox 187 2643 395 2683; baseline -0.005 0"><span class='ocrx_word' id='word_1_128' title='bbox 187 2643 236 2683; x_wconf 90' lang='lat' dir='ltr'>of</span> <span class='ocrx_word' id='word_1_129' title='bbox 250 2643 395 2683; x_wconf 89' lang='lat' dir='ltr'>revolt.</span> 
     </span>
    </p>

    <p class='ocr_par' dir='ltr' id='par_1_9' title="bbox 186 2707 1619 2827">
     <span class='ocr_line' id='line_1_22' title="bbox 239 2707 1619 2759; baseline 0.001 -12"><span class='ocrx_word' id='word_1_130' title='bbox 239 2710 270 2756; x_wconf 72' lang='grc' dir='ltr'>-Ι-</span> <span class='ocrx_word' id='word_1_131' title='bbox 298 2708 390 2748; x_wconf 93' lang='lat' dir='ltr'>The</span> <span class='ocrx_word' id='word_1_132' title='bbox 422 2711 671 2748; x_wconf 88' lang='lat' dir='ltr'>annexation</span> <span class='ocrx_word' id='word_1_133' title='bbox 706 2709 754 2748; x_wconf 90' lang='lat' dir='ltr'>of</span> <span class='ocrx_word' id='word_1_134' title='bbox 782 2709 915 2759; x_wconf 92' lang='lat' dir='ltr'>Oude,</span> <span class='ocrx_word' id='word_1_135' title='bbox 943 2710 1153 2750; x_wconf 84' lang='lat' dir='ltr'>whatever</span> <span class='ocrx_word' id='word_1_136' title='bbox 1181 2708 1233 2747; x_wconf 92' lang='lat' dir='ltr'>be</span> <span class='ocrx_word' id='word_1_137' title='bbox 1253 2707 1323 2747; x_wconf 91' lang='lat' dir='ltr'>the</span> <span class='ocrx_word' id='word_1_138' title='bbox 1343 2707 1427 2746; x_wconf 81' lang='lat' dir='ltr'>real</span> <span class='ocrx_word' id='word_1_139' title='bbox 1448 2715 1551 2748; x_wconf 86' lang='lat' dir='ltr'>state</span> <span class='ocrx_word' id='word_1_140' title='bbox 1571 2709 1619 2748; x_wconf 89' lang='lat' dir='ltr'>of</span> 
     </span>
     <span class='ocr_line' id='line_1_23' title="bbox 186 2772 1507 2827; baseline -0.001 -14"><span class='ocrx_word' id='word_1_141' title='bbox 186 2774 256 2813; x_wconf 91' lang='lat' dir='ltr'>the</span> <span class='ocrx_word' id='word_1_142' title='bbox 275 2786 380 2822; x_wconf 89' lang='lat' dir='ltr'>case,</span> <span class='ocrx_word' id='word_1_143' title='bbox 401 2773 662 2827; x_wconf 19' lang='lat' dir='ltr'>wasvlooked</span> <span class='ocrx_word' id='word_1_144' title='bbox 682 2787 794 2826; x_wconf 90' lang='lat' dir='ltr'>upon</span> <span class='ocrx_word' id='word_1_145' title='bbox 814 2775 856 2813; x_wconf 90' lang='lat' dir='ltr'>in</span> <span class='ocrx_word' id='word_1_146' title='bbox 877 2775 959 2815; x_wconf 91' lang='lat' dir='ltr'>this</span> <span class='ocrx_word' id='word_1_147' title='bbox 979 2775 1083 2827; x_wconf 86' lang='lat' dir='ltr'>light</span> <span class='ocrx_word' id='word_1_148' title='bbox 1102 2774 1156 2825; x_wconf 92' lang='lat' dir='ltr'>by</span> <span class='ocrx_word' id='word_1_149' title='bbox 1175 2773 1230 2812; x_wconf 87' lang='lat' dir='ltr'>all</span> <span class='ocrx_word' id='word_1_150' title='bbox 1251 2772 1320 2812; x_wconf 90' lang='lat' dir='ltr'>the</span> <span class='ocrx_word' id='word_1_151' title='bbox 1340 2774 1507 2813; x_wconf 67' lang='lat' dir='ltr'>natives.</span> 
     </span>
    </p>
   </div>
  </div>
 </body>
</html>
