2028 3230
891 239 981 290 115

423 793 718 890 LA'TIN
775 787 1462 853 HEXAMETERS.

437 987 638 1040 “Apollo
658 987 693 1027 is
711 1000 817 1027 once
835 999 951 1026 more
970 985 1040 1026 the
1058 985 1213 1038 golden
1232 984 1372 1024 theme
1390 982 1432 1023 !”

222 1151 350 1200 NON
373 1151 487 1200 ullae
512 1150 716 1215 regione
740 1151 839 1212 illa,
868 1167 1020 1214 quam
1043 1159 1196 1211 vasta,
1224 1151 1442 1209 latebrae,

223 1233 346 1282 Non
370 1234 609 1296 spelunca
631 1232 736 1293 fuit,
764 1232 860 1281 nisi
883 1249 1132 1281 murmure
1156 1232 1299 1295 pulsa
1322 1229 1527 1290 marino,

223 1314 324 1364 Vix
348 1330 652 1378 quamquam
676 1314 858 1364 virides
882 1316 1065 1364 multos
1089 1322 1382 1378 penetrante
1406 1328 1638 1361 recessus.

223 1395 400 1446 Audiit
423 1395 659 1458 intentus,
686 1395 1015 1459 lacrimasque
1041 1396 1213 1445 effudit
1237 1398 1453 1455 obortas,

226 1477 519 1542 Lucidaque
541 1486 769 1526 auratum
794 1477 1014 1526 stillabat
1036 1486 1177 1541 gutta
1201 1494 1290 1541 per
1311 1492 1493 1525 arcum.

225 1558 465 1609 Constitit
489 1559 586 1620 ille,
614 1561 789 1608 oculos
813 1558 994 1622 partim
1019 1558 1296 1621 clausitque
1322 1566 1564 1616 natantes,

226 1641 439 1704 Egressa
459 1648 515 1688 ut
537 1639 770 1704 gravibus
795 1639 933 1689 venit
956 1639 1093 1703 virgo
1119 1639 1268 1689 obvia
1290 1639 1452 1699 ramis,

225 1723 435 1771 Incessu
459 1722 691 1770 confessa
717 1723 895 1781 Deam,
922 1722 1163 1784 vultuque
1188 1722 1375 1770 ferebat

227 1802 524 1864 Consilium,
555 1801 647 1867 (sic
671 1802 815 1868 visa,)
843 1819 1062 1851 novum:
1101 1803 1410 1865 deprendere
1434 1811 1486 1850 at
1510 1801 1590 1850 ille

225 1883 497 1946 Attonitus,
525 1883 816 1948 liquidaque
842 1883 1029 1947 incepit
1054 1884 1171 1932 talia
1194 1900 1319 1933 voce
1344 1904 1354 1933 ε

227 1969 257 1992 “
275 1965 420 2015 Invia
444 1966 566 2029 quid
589 1965 739 2027 vexit,
767 1965 863 2026 dic,
891 1975 941 2014 te
968 1982 1117 2029 super
1138 1981 1342 2029 aequora
1365 1965 1505 2028 ponti
1525 1968 1544 2013 Ρ

225 2050 310 2098 An
333 2058 476 2098 vetus
501 2048 586 2097 illa
609 2048 702 2098 tibi
727 2048 934 2112 species,
963 2048 1244 2112 vestitaque
1269 2050 1428 2097 forma

229 2132 342 2179 Has
366 2129 520 2179 coluit
543 2130 713 2190 valleS‚
741 2130 900 2179 oculis
925 2146 1029 2179 non
1055 2139 1172 2179 ante
1196 2130 1452 2179 videnda?

226 2211 394 2262 Credo
415 2211 664 2275 equidem,
687 2228 853 2275 neque
876 2229 1007 2261 vana
1030 2213 1169 2273 fides,
1197 2229 1279 2261 me
1304 2213 1486 2276 saepius
1505 2229 1658 2260 unum

229 2295 293 2342 In
315 2293 483 2357 gelido
507 2293 688 2343 mediae
714 2294 1016 2344 residentem
1039 2294 1263 2358 gramine
1288 2294 1423 2343 silvae

228 2375 436 2424 Vertere
462 2374 701 2424 deciduas
725 2375 925 2424 audisse
950 2392 1009 2424 ea
1033 2376 1251 2440 tegmina
1274 2376 1487 2425 frondes.

159 2495 162 2498 .
227 2455 395 2506 Credo
421 2455 654 2518 equidem
678 2456 899 2505 tunicam
925 2473 1005 2505 me
1030 2473 1119 2520 per
1142 2458 1339 2507 deserta
1363 2459 1586 2506 locorum

231 2535 337 2584 Hic
360 2535 460 2584 illic
485 2535 724 2600 crepitare
749 2538 872 2586 altas
897 2537 1094 2586 audisse
1120 2555 1208 2601 per
1230 2539 1408 2587 herbas
1430 2556 1442 2599 3

229 2618 465 2680 Dumque
481 2617 589 2667 vice
609 2628 876 2681 exceptum
894 2618 1165 2682 geminavit
1185 2619 1396 2682 quisque
1413 2635 1660 2668 susurrum

226 2699 428 2748 Tollere
453 2699 656 2748 miratos
681 2699 866 2749 vidisse
892 2701 1155 2749 cacumina
1179 2702 1338 2751 flores.
