2028 3230
656 234 816 267 LATIN
856 234 1121 269 ELEGIAcs.
1516 237 1541 281 3
1549 233 1610 286 05

182 359 404 408 Vulnera
424 359 528 421 jam
552 368 780 422 retegunt
805 359 982 409 veteris
1006 358 1212 423 vestigia
1236 377 1414 424 pugnae
1432 379 1446 421 3

249 442 459 491 Pectora
482 440 742 489 discruciat
766 442 932 504 lapsus
956 442 1022 489 ad
1046 457 1159 490 ossa
1183 442 1336 490 dolor.

182 522 412 574 Candida
436 522 631 571 dilectae
655 539 831 572 manus
855 524 918 571 ah
939 525 948 571 1
984 522 1071 571 ubi
1095 522 1217 586 fugit
1243 524 1424 572 Isoldae
1440 527 1462 572 ?

250 604 298 666 O
322 603 525 653 ubinam
550 603 690 652 terris
713 603 880 667 lingua
903 603 1120 667 benigna
1146 604 1293 654 silet?

180 765 401 814 Advenit
425 764 536 814 illa!
574 764 709 814 venit
729 769 751 813 3*
776 781 870 814 nec
895 765 1110 814 fulminis
1136 766 1274 815 ocior
1296 766 1440 830 ignis,

250 848 415 908 Quam
441 862 567 909 quos
591 846 831 910 praecipiti
857 847 947 896 fert
973 863 1112 895 amor
1135 847 1241 910 ipse
1266 849 1396 911 pede
1414 867 1428 909 3

181 927 344 976 Serius
369 937 419 976 at
448 926 585 976 venit
601 945 616 988 3
653 928 806 976 modo
832 944 947 976 nam
973 929 1234 992 conspexit
1260 939 1477 979 amatum

250 1008 553 1058 Tristimium
580 1008 698 1058 dirae
722 1010 823 1058 fata
848 1009 1010 1059 subire
1035 1009 1184 1074 necis.

182 1172 314 1219 Tum
340 1171 580 1221 moriente
606 1172 725 1233 viro,
751 1172 936 1235 gemitu
961 1172 1140 1236 premit
1163 1173 1246 1222 illa
1271 1191 1502 1238 supremo

251 1252 510 1322 Emoriens
534 1252 682 1303 labris
705 1253 891 1317 pallida
914 1255 1052 1302 labra
1076 1253 1187 1303 suis.

120 1345 126 1351 ·
181 1336 287 1383 Vos
313 1334 456 1382 simul
481 1333 738 1395 extinctos,
765 1334 936 1398 patriae
961 1334 1289 1398 pulcherrima
1314 1323 1493 1400 proles,

265 1418 535 1466 Consortes
561 1416 708 1465 simili
731 1433 863 1466 mors
890 1417 1087 1466 dicione
1118 1418 1305 1481 premit.

185 1578 288 1628 Hic
312 1581 416 1643 lyra
438 1579 677 1628 conticuit
694 1598 707 1640 3
744 1580 1030 1643 languentia
1053 1597 1302 1637 murmura
1326 1592 1500 1631 cantus

250 1661 442 1710 Sensim
467 1661 718 1721 deficiunt,
746 1678 862 1710 aure
887 1671 1078 1710 morata
1103 1662 1186 1711 diu
1203 1681 1218 1724 3

182 1742 352 1791 Turba
375 1752 542 1791 tamen
567 1741 751 1790 circum
776 1751 942 1792 vatem
970 1745 1249 1806 stupefacta
1273 1747 1508 1794 manebat
1530 1764 1612 1806 3——

252 1824 358 1873 Illis
381 1841 514 1872 nunc
539 1823 687 1874 etiam
713 1823 846 1873 visus
871 1826 1048 1873 adesse
1075 1842 1237 1874 sonus,

185 1987 414 2037 Protinus
440 1986 653 2036 exoritur
677 1986 830 2035 dubio
857 2003 970 2034 cum
994 2003 1240 2036 murmure
1266 1990 1426 2038 luctus
1445 2008 1459 2050 3

253 2071 363 2119 Nec
385 2068 596 2132 gemitus
621 2069 819 2117 crebros
845 2067 1028 2116 femina
1052 2070 1158 2117 sola
1182 2069 1329 2118 trahit
1348 2087 1361 2130 Υ;

187 2151 405 2200 Dextera
429 2150 517 2198 sed
542 2148 723 2198 totiens
748 2148 927 2213 rigidas
951 2159 1150 2210 armata,
1180 2152 1381 2213 profuso

256 2232 404 2291 Rore,
429 2247 582 2294 genas
607 2231 763 2294 tergit,
793 2232 912 2280 dum
937 2233 1099 2295 pudor
1123 2232 1229 2296 ipse
1254 2243 1400 2282 vetat.

190 2394 452 2443 Ledarium
475 2395 659 2444 flumen
680 2395 784 2458 jam
810 2411 917 2444 sera
940 2397 1231 2459 crepuscula
1257 2395 1497 2454 condunt,

258 2476 513 2524 Larmadis
538 2486 586 2525 et
611 2476 775 2525 turrim
803 2476 1019 2539 vesperis
1045 2478 1221 2525 umbra
1244 2477 1363 2540 tegit
1382 2495 1396 2537 3

191 2556 375 2605 Nescio
402 2573 521 2619 quas
547 2557 673 2606 inter
696 2559 922 2617 latebras,
950 2559 1027 2606 vel
1054 2568 1227 2618 castra,
1255 2561 1332 2607 vel
1360 2575 1509 2616 arces,

259 2638 434 2687 Mollia
459 2639 557 2687 dux
584 2639 743 2687 somni
767 2656 972 2688 munera
997 2639 1206 2703 quisque
1232 2639 1365 2703 petit.

1126 2766 1166 2827 J.
1200 2765 1258 2812 R.
1290 2765 1367 2823 R.,
1403 2764 1539 2821 1862.
