2028 3230
709 276 870 311 LATIN
908 276 1190 318 ELEG1Acs„
1561 278 1589 324 3
1597 277 1623 324 3
1641 278 1656 311 1

301 399 366 448 Et
388 398 511 463 regit
535 414 790 462 aequoreas
814 397 1105 448 incomitata
1127 399 1311 462 plagas,
1342 406 1345 409 “

232 482 301 530 At
324 497 413 530 vos
440 481 692 537 examines
716 480 868 530 tacito
894 480 1104 530 dormite
1129 481 1357 544 sepulcro
1380 484 1390 529 Ξ

302 562 607 626 Conpositos
631 564 796 612 foveat
820 579 924 611 non
949 562 1184 611 violanda
1209 562 1349 625 quies
1371 566 1381 612 l

234 646 341 694 Vos
361 645 518 704 simul,
548 661 579 693 o
604 644 716 704 vivi,
744 644 927 701 sanctis
952 644 1162 693 insistite
1187 644 1330 705 curis,

301 727 483 776 Sedula
506 727 781 779 concordes
806 725 996 775 fundite
1021 727 1164 775 turba
1187 742 1360 789 preces
1381 731 1390 775 1

237 811 346 858 Nec
370 809 490 857 mihi
516 808 578 858 sit
601 809 776 872 culpae,
802 808 924 856 mihi
949 808 989 856 si
1014 808 1159 857 datur
1181 808 1331 857 unica
1354 825 1471 857 cura

304 893 440 954 Quae'
456 892 607 946 corda
629 900 779 954 atque
804 891 976 940 oculos
1001 899 1214 953 occupet
1237 906 1338 939 una
1361 905 1513 939 meos.

235 973 431 1022 Scilicet
455 972 537 1022 ille
562 973 703 1022 labor
725 971 874 1021 sacris
897 974 1027 1022 bene
1051 971 1288 1021 convenit
1311 971 1444 1022 horis

304 1056 431 1103 Tam
455 1053 627 1104 nitidae
651 1053 821 1103 comiti
846 1053 1135 1107 consociare
1159 1053 1303 1102 viam.
1460 1061 1462 1063 ’

239 1137 414 1185 Incola
438 1153 524 1186 seu
547 1152 806 1186 nemorum
830 1135 1009 1195 veniat,
1036 1152 1124 1184 seu
1147 1134 1336 1186 caelitus
1361 1145 1520 1225 ortam

306 1219 553 1268 Ostendat
576 1217 715 1283 terris
738 1231 855 1267 cura
878 1216 1096 1281 benigna
1122 1216 1230 1267 Dei.

238 1382 377 1443 Quot
400 1379 558 1428 varias
581 1388 698 1443 apte
722 1381 807 1428 lux
830 1381 1175 1443 alternantque
1201 1381 1435 1439 tenebrae,
1487 1385 1491 1387 ’

307 1464 468 1512 Cerva
490 1460 622 1509 viam
646 1459 804 1524 carpit
827 1469 903 1510 tot
929 1460 1151 1510 subitura
1174 1460 1321 1510 vices.

241 1542 622 1608 Magnificaeque
647 1543 825 1591 domus
849 1558 938 1606 per
960 1541 1146 1591 moenia
1169 1544 1309 1605 lapsa
1331 1541 1473 1592 ruina

307 1624 468 1675 Devia
492 1632 758 1688 perpetuos
780 1625 972 1686 fertque
996 1625 1240 1686 refertque
1263 1624 1456 1687 graduS.

242 1706 454 1756 Lumina
473 1707 578 1768 jam
601 1705 830 1765 reddens,
859 1705 1076 1768 solisque
1100 1705 1346 1754 incinctus
1371 1721 1539 1754 amore

264 1808 267 1810 ’
308 1786 563 1837 Pulchrior
585 1788 798 1850 effulget,
825 1786 909 1850 qui
933 1786 1023 1835 fuit
1046 1795 1177 1846 ante,
1197 1787 1367 1836 decor.

239 1872 453 1934 Jamque
477 1868 744 1933 pererranti
768 1870 996 1928 latebras,
1024 1867 1144 1918 levis
1169 1869 1344 1917 umbra
1369 1884 1593 1931 superne,

308 1954 443 2000 Aura
465 1952 614 2011 velut,
641 1949 766 1999 muri
789 1966 878 2014 per
900 1950 1165 1999 tenebrosa
1189 1949 1335 1998 cadit.

243 2034 353 2082 Nec
375 2031 538 2081 minus
561 2031 669 2095 ipsa
693 2048 781 2080 sua
804 2040 1030 2094 penetrat
1054 2046 1180 2094 vaga
1203 2030 1315 2080 luce
1340 2047 1576 2091 recessuS,

311 2115 511 2177 Datque
535 2129 721 2163 novum
746 2111 962 2163 tenebris
986 2110 1279 2176 participare
1300 2113 1457 2176 jubar.
