2028 3230
690 247 867 282 GREEK
905 249 1131 285 IAMBICS.

197 365 362 440 ὅρμον
385 364 660 438 πέφευγεν,
687 365 721 432 ἢ
747 366 1083 426 Ποσειδῶνος
1107 368 1250 439 βορὰ

197 449 433 522 ἄφαντος
458 449 574 503 οὖσ’
599 448 805 502 ὄλωλεν
828 473 845 513 ,·
886 449 1138 509 ὡσαύτως
1162 451 1340 519 λόγων

197 530 392 605 χλιδὴν
414 530 656 601 ματαίων
680 530 894 603 ἀνδρίας
918 531 963 587 τ’
990 532 1144 601 ἔργον
1169 534 1308 607 τύχη

201 617 391 675 σάλοις
416 613 587 686 ὁρίζει·
625 614 714 669 καὶ
738 614 843 686 γὰρ
867 614 934 683 ἢν
958 615 1092 683 αὐτὴ
1119 615 1284 674 σέλας

196 698 451 770 λαμπρὸν
474 697 760 769 προφαίνῃ,
786 697 975 767 μείζον’
1000 699 1034 766 ἢ
1062 698 1236 771 θήρων
1262 700 1367 755 ὕπο

198 783 495 855 κέντροισιν
520 782 735 853 οἴστρου
759 780 1003 848 πημονὴν
1028 782 1140 855 ἔχει
1165 783 1324 846 βοτά.

199 865 316 921 ἐπεὶ
341 864 398 920 δὲ
421 864 598 936 τυφὼς
622 863 832 933 γούνατ’
861 864 1097 936 ἰσχυρῶν
1119 865 1222 939 βία

199 948 368 1016 δρύων
390 949 615 1009 ἀνακλᾶ,
643 946 925 1002 κάκποδὼν
950 947 1054 1002 ὑπὸ
1081 948 1245 1003 σκιὰν

200 1031 410 1103 οἶστρος
434 1030 710 1102 πέφευγεν,
738 1029 831 1084 εἶθ’
859 1030 886 1082 ὁ
912 1030 1176 1104 τολμηρὸς
1200 1032 1367 1100 γεγὼς

201 1115 351 1187 θυμῷ
373 1113 633 1189 χολωθεὶς
658 1113 1040 1180 ἀνταμείβεται
1064 1114 1232 1188 χόλῳ,

201 1196 358 1255 αὐτός
385 1195 431 1251 θ’
457 1197 620 1268 ὁμοίῳ
644 1196 916 1270 χρώμενος
943 1197 1164 1270 φθόγγῳ
1190 1200 1360 1272 τύχην

200 1281 364 1353 ψέγει
386 1280 686 1353 ψέγουσαν.

276 1451 397 1504 ΟΔ.
770 1448 849 1502 Ὠ
876 1449 946 1503 σὺ
971 1448 1236 1521 φίλτατον
1261 1450 1415 1521 κάρα,

201 1531 553 1603 Ἀγάμεμνον,
581 1531 622 1585 ὦ
647 1532 919 1602 πρώτιστε
943 1536 1049 1587 τῶν
1072 1534 1386 1607 λοχαγὲτων

204 1616 426 1689 ἔρεισμα
451 1615 629 1688 νεῦρόν
656 1615 701 1668 θ’
727 1615 1011 1679 (Ελλάδος,
1038 1615 1199 1686 μόνον
1223 1617 1350 1688 κέαρ

201 1700 365 1773 ψυχή
390 1698 436 1754 τ’
463 1701 520 1754 ἐν
543 1699 670 1766 ἡμῖν
695 1699 781 1752 καὶ
810 1699 1033 1772 φρόνημ’
1062 1700 1373 1773 ὑπέρτατον,

203 1784 245 1857 ᾧ
271 1784 334 1851 δὴ
360 1786 564 1856 φρενῶν
586 1783 829 1841 ἅπαντας
855 1785 1129 1850 ἐγκλεῖσαι
1154 1785 1347 1858 πρέπει

202 1867 431 1936 γνώμας,
457 1866 617 1922 ἄκουε
641 1865 819 1921 τούσδ’
843 1865 1152 1926 Ὀδυσσέως
1176 1867 1386 1937 λόγους.

1063 2037 1121 2085 C.
1147 2036 1190 2098 J.
1222 2037 1281 2084 R.
1314 2036 1388 2096 C.‚
1422 2037 1561 2100 1849.

1560 254 1587 303 ,5
1599 254 1622 302 7
