2028 3230
828 225 1121 260 IPHIGENIA.
1555 226 1647 271 431

238 347 391 398 Cordi
416 347 506 398 erit
523 365 538 409 ;
570 347 651 395 hic
674 348 873 411 longam
898 356 1067 395 nostro
1093 346 1184 394 sub
1210 345 1410 394 numine
1435 345 1584 394 vitam

237 428 420 478 Nescia
443 444 666 478 curarum
690 427 854 491 deges,
882 426 963 475 hic
986 426 1153 476 nescia
1175 427 1433 475 luctus.'—

236 509 317 559 Sic
343 511 485 570 Dea3
519 508 640 573 quid
665 502 855 573 sperem
881 508 1066 572 ignoro,
1094 517 1144 557 at
1169 524 1361 571 sperare
1386 509 1587 557 fatebor.

237 593 450 654 Jamque
485 592 594 640 vale
629 599 781 654 pater,
819 590 945 638 heu!
982 589 1213 639 miserum
1251 598 1324 638 est
1358 590 1455 638 hoc
1491 589 1653 638 dicere

369 673 574 721 verbum
591 689 605 732 3

239 755 362 802 Fata
381 755 558 816 jubent
574 771 588 814 3
623 752 798 801 minuit
820 751 990 801 mortis
1015 751 1135 799 mihi
1158 751 1336 815 gaudia
1359 761 1528 811 mater,

238 835 450 884 Difficile
469 844 543 884 est
561 843 780 894 matrem,
799 850 1102 897 parvumque
1120 833 1394 896 relinquere
1411 833 1649 882 Orestem.

239 917 286 965 O
312 917 490 975 faveaS,
516 924 784 978 nostroque
809 914 954 974 adsis,
984 913 1209 974 Latonia,
1237 923 1404 977 coepto
1426 916 1475 962 !'’

237 998 368 1045 Tum
392 996 543 1060 patris
565 997 796 1059 amplexu
821 997 1039 1059 paullum
1065 997 1295 1058 colloque
1319 995 1571 1058 pependit,

239 1078 400 1128 Triste
423 1077 760 1138 ministerium,
787 1087 892 1127 tum
916 1086 1120 1141 pectora
1144 1087 1281 1126 casta
1304 1078 1508 1138 retexit;

241 1161 584 1224 Congemuere
608 1176 795 1220 omnes,
822 1161 944 1209 flens
970 1159 1250 1222 invitusque
1276 1160 1506 1208 sacerdos

240 1241 357 1291 Rite
381 1243 515 1290 mola
538 1241 727 1305 sparsit,
755 1240 995 1304 Divisque
1020 1240 1070 1288 in
1095 1250 1212 1289 vota
1234 1240 1436 1300 vocatis,

241 1323 429 1372 Extulit
451 1331 503 1373 et
525 1322 747 1372 strictum
770 1322 967 1386 penitus
992 1323 1142 1371 corde
1166 1321 1358 1370 abdidit
1382 1339 1563 1371 ensem.

238 1407 369 1453 Tum
394 1405 490 1453 dea
511 1405 642 1453 facta
665 1412 843 1468 potens
867 1403 1106 1466 promissi,
1134 1402 1352 1466 iramque
1378 1403 1589 1463 remisit3

242 1487 306 1535 Et
330 1488 486 1536 nubes
510 1485 655 1549 piceo
679 1484 1086 1534 circumvolitavit
1109 1483 1305 1544 amictu,

242 1567 530 1631 Eripuitque
553 1567 686 1617 diem
703 1586 717 1629 3
751 1584 904 1631 quum
927 1583 1044 1616 vero
1069 1568 1236 1615 oblata
1260 1567 1477 1624 facultas,

243 1648 481 1712 Undique
504 1648 747 1713 vestigant
773 1647 950 1708 Danai,
978 1656 1300 1711 quaeruntque
1325 1648 1551 1710 puellam.

245 1732 363 1793 Ipsa
385 1730 542 1779 oculis
567 1740 734 1794 erepta
757 1740 874 1790 erat,
902 1738 964 1790 et,
989 1729 1211 1778 mirabile
1234 1729 1355 1788 visu,

244 1813 458 1862 Cervam
481 1812 794 1862 exhalantem
820 1821 1026 1861 cernunt
1050 1813 1141 1860 sub
1166 1811 1365 1860 vulnere
1390 1810 1553 1859 vitam.

1072 2030 1081 2033 „
1159 1976 1230 2022 W.
1263 1976 1320 2022 R.
1351 1976 1414 2033 S.,
1450 1975 1586 2039 1849.
