2028 3230
540 199 760 245 PmDAR,
799 198 952 232 PYTH.
995 197 1083 243 1x.‚
1129 196 1252 245 1-79.
1556 196 1648 245 159

354 322 588 371 Securam
613 329 663 369 et
685 318 921 383 requiem,
949 326 1156 380 tutaque
1181 317 1365 380 pabula

625 401 878 450 Armentis
903 399 1071 464 patriis
1096 399 1278 447 dabat:

356 486 602 533 Auroram
625 482 843 533 tenebris
864 484 970 545 jam
995 480 1312 544 fugientibuS‚

355 565 596 629 Surgebat
619 564 801 614 teneris
826 562 1079 613 excutiens
1106 561 1246 625 genis

358 647 600 695 Somnum
623 661 770 695 mane
795 646 971 706 levem,
1000 643 1085 707 qui
1108 642 1324 706 reliquas
1349 650 1486 691 tenet

632 729 838 790 Hospes
861 725 1184 774 luxuriosior:

362 812 529 872 Quam
554 827 668 859 cum
694 810 897 860 terribili
922 809 1093 873 praelia
1116 809 1298 868 bellua,

359 891 586 955 Abjectis
606 892 796 956 jaculis,
825 908 1001 955 aspera
1024 899 1229 954 pectore

364 975 641 1039 Urgentem
665 974 902 1038 inpavido
927 974 1117 1022 viderat
1141 988 1291 1021 aurea

635 1055 850 1119 Insignis
875 1056 1104 1118 pharetra
1130 1056 1268 1103 Deus
1288 1072 1301 1115 3

364 1136 587 1187 Chirona
609 1154 640 1186 a
663 1137 895 1187 domibus
920 1145 1161 1200 provocat
1186 1135 1386 1196 intimis,

367 1222 398 1244 “
413 1218 608 1269 Mireris
633 1221 846 1269 latebras
872 1228 1113 1281 antraque
1139 1218 1372 1266 deserens

368 1300 623 1366 Insignem
647 1303 779 1350 hanc
801 1301 971 1350 animo
996 1310 1045 1350 et
1069 1302 1248 1349 robore
1272 1298 1513 1363 virginem
1534 1316 1547 1359 3

637 1385 808 1446 AEquo
833 1392 888 1431 ut
911 1391 1113 1446 pectore
1139 1380 1350 1430 sustinet

369 1467 565 1528 Pugnas
588 1464 846 1514 horribiles
867 1484 876 1514 :
913 1481 1008 1514 nec
1034 1465 1177 1512 labor
1198 1461 1435 1526 opprimit

367 1546 510 1595 Vires
534 1546 786 1608 femineas,
814 1563 1058 1609 mensque
1083 1545 1344 1594 timoribus

369 1631 678 1678 Inconcussa
699 1638 880 1678 manet.
957 1630 1072 1690 Quo
1098 1637 1251 1691 patre,
1279 1643 1379 1689 qua
1402 1626 1569 1684 domo,

641 1714 900 1776 Prognata,
927 1711 1026 1760 hoc
1049 1711 1267 1759 celebrat
1291 1709 1505 1757 nemus?

371 1795 518 1842 Clara
539 1802 594 1842 ut
616 1793 849 1858 virgineis
874 1793 1058 1842 viribus
1085 1791 1272 1841 eminet
1294 1793 1304 1838 1

372 1873 483 1935 Dic,
510 1874 550 1923 si
575 1876 647 1924 fas
671 1875 902 1924 manibus
927 1883 1130 1938 tangere
1155 1872 1412 1936 virginem,

369 1955 482 2006 Sive
507 1955 558 2005 in
582 1956 803 2006 conubio
829 1973 1030 2020 carpere
1057 1954 1223 2005 dulcia

642 2038 818 2088 Blandi
842 2040 977 2089 dona
1003 2036 1334 2101 Cupidinis?'’

370 2123 502 2168 Tum
525 2120 691 2171 ridens
715 2121 967 2186 placidum
991 2119 1287 2184 praevalidus
1314 2120 1427 2167 Deo

371 2201 562 2251 Chiron
585 2205 737 2252 verba
758 2204 904 2252 refert
929 2202 1074 2251 talia:
1115 2205 1144 2227 ‘⁴
1159 2199 1452 2249 Amantium

371 2283 466 2344 Ah,
492 2284 575 2334 vix
597 2285 778 2349 vixque
802 2287 944 2334 labor
966 2283 1209 2333 maximus
1233 2282 1431 2331 intimas

643 2369 868 2417 Suadelae
892 2375 1119 2431 penetrat
1143 2366 1274 2414 fores
1293 2383 1304 2413 ε

380 2448 498 2495 Hoc
523 2447 640 2497 Divi
664 2458 905 2509 metuunt,
933 2449 1031 2498 hoc
1054 2447 1301 2507 homines,
1330 2446 1494 2509 palam

378 2527 552 2577 Dulcis
574 2530 732 2593 prima
755 2530 850 2580 tori
875 2546 1076 2594 carpere
1098 2528 1290 2592 gaudia,

376 2612 444 2659 At
468 2619 518 2659 te
543 2610 622 2659 cui
646 2611 853 2660 vetitum
878 2621 952 2661 est
976 2612 1157 2666 fallere,
1185 2607 1418 2658 blandior

649 2694 799 2741 Hanc
822 2693 1044 2743 fraudem
1069 2690 1241 2742 docuit
1265 2692 1448 2738 Venus.
