2028 3230
537 280 716 315 GREEK
752 278 1121 313 HEXAMETERS.
1437 278 1529 329 247

111 399 318 456 ἔνδοθεν
343 401 400 455 ἐν
424 399 689 467 στήθεσσι
712 398 865 468 μένος
888 397 1004 467 μέγ’
1029 397 1205 466 ἀέξατ’
1231 397 1430 468 Ἰαύθῃ·

110 483 243 553 ἦμος
267 482 310 537 δ’
336 482 512 552 ἠέλιος
535 481 741 546 κατέδυ,
771 481 861 536 καὶ
887 481 978 536 ἐπὶ
1002 482 1198 554 κνέφας
1223 481 1371 548 ἦλθε,

111 571 254 622 τοῖσι
281 565 325 620 δ’
351 565 691 638 ἐρειδομένοις
716 565 975 634 ἔκλαγξεν
1000 564 1210 636 ε’ρώδιος
1235 565 1407 629 αἰνῶς,

111 651 168 710 ὅς
191 650 263 723 ῥά
286 648 332 703 τ’
359 650 414 704 ἐν
439 649 649 718 εἱαμενῇ
676 648 823 706 ἔλεος
847 648 1087 716 μεγάλου
1110 649 1410 719 λιγύφωνος

113 733 208 802 ὀξὺ
231 733 413 795 λάκεν,
443 731 600 803 δηρὸν
623 732 727 804 γὰρ
758 731 969 797 ἐδητύος
994 731 1084 798 ἤεν
1109 731 1370 790 ἄπαστος·
1447 786 1450 789 ⁴

115 815 178 883 δὴ
204 814 326 870 τότε
348 837 442 884 μιν
465 814 714 886 προσέφη
741 814 862 869 θεοῦ
886 815 1113 882 ἄγγελος
1131 814 1229 880 ἡδὺ
1247 814 1539 882 γελάσσας·

115 904 146 930 “
163 901 283 952 Νῦν
299 899 397 967 μὲν
416 897 788 967 παυσώμεσθα
803 896 1251 964 παλαισμοσύνης
1269 898 1542 966 ἀλεγεινῆς

117 981 362 1054 σήμερον·
389 981 611 1054 ὕστερον
629 980 720 1052 ἂψ
734 980 1106 1048 ἀνελεύσομαι,
1125 981 1269 1052 ὄφρα
1287 1002 1376 1035 κεν
1395 982 1542 1049 ἡμεῖς

115 1066 310 1138 χειρῶν
334 1062 679 1135 πειρώμεσθα
703 1061 793 1116 καὶ
818 1062 1176 1130 ἐκτελέσωμεν
1201 1062 1410 1128 ἄεθλον,

116 1146 450 1218 μαρναμένου
474 1144 795 1203 καταδύντος
820 1145 871 1203 ἐς
896 1145 1077 1214 αὔριον
1101 1145 1356 1213 ἠελίοιο.”

178 1228 287 1287 “sss-
311 1229 417 1301 ἄρα
441 1229 693 1299 φωνήσας
717 1227 900 1294 ἀπέβη
927 1228 1153 1299 ἑτέρωσε
1176 1229 1433 1288 λιασθείς·

117 1313 268 1367 ἀλλά
291 1333 383 1378 μιν
406 1308 531 1367 οὔτε
553 1310 679 1366 ἰδεῖν
704 1310 877 1365 δύνατ’
904 1313 1024 1367 οὔτε
1049 1316 1239 1379 νοῆσαι
1263 1311 1488 1380 Ἰαύθης,

118 1396 152 1464 ἢ
177 1395 205 1449 ὁ
229 1397 327 1463 μὲν
350 1393 625 1469 οἰχόμενος
651 1393 855 1457 κατέδυ,
884 1395 953 1452 ὡς
978 1394 1166 1458 αἰετὸς,
1193 1396 1327 1460 αἴην,

118 1479 180 1547 ἠὲ
204 1478 336 1536 θοῶς
360 1478 529 1545 ἀνέβη
552 1478 720 1546 μέγαν
745 1478 980 1547 οὐρανὸν,
1007 1476 1119 1544 ἠΰτ’
1147 1478 1363 1550 ὀμίχλη·

121 1563 176 1621 ὃς
199 1562 296 1630 μὲν
321 1559 485 1616 ἔπειτ’
511 1559 710 1627 ἀπέβη·
749 1559 854 1618 οἶος
880 1559 922 1613 δ’
950 1561 1247 1618 ἄπνευστος
1271 1560 1481 1623 Ἰαύθης

120 1644 246 1700 κεῖτ’
298 1642 680 1713 ὀλιγηπελέων,
731 1642 870 1698 κατὰ
923 1642 966 1695 δ’
1018 1643 1314 1714 ὀφθαλμῶν
1367 1643 1545 1718 κέχυτ’

264 1730 440 1805 ἀχλὺς

123 1814 428 1888 εἰσορόωντι
453 1812 598 1867 κάτω
622 1812 831 1879 λίμνην,
859 1810 1054 1879 ἔκαμον
1079 1811 1134 1865 δέ
1159 1812 1210 1866 οἱ
1232 1813 1367 1866 ὄσσε

123 1897 325 1952 ἄλλοτε
348 1897 707 1951 παπταίνοντι
732 1894 866 1966 πρὸς
891 1894 1112 1967 οὐρανὸν
1137 1895 1471 1967 ἀστερόεντα.

1146 2060 1212 2106 Η.
1242 2060 1302 2121 J.,
1342 2061 1474 2123 1857.
