2028 3230
416 258 515 308 450
853 260 1006 292 1ND1A
1043 259 1394 294 RECUPERATA‚

418 381 566 426 Nunc
592 395 622 428 o
643 381 651 425 ἕ
689 395 820 426 nunc
845 381 1030 428 auferte
1054 396 1216 428 moras
1237 382 1246 427 1
1283 380 1400 427 dum
1426 379 1628 429 numina
1651 380 1778 429 votis

417 462 628 508 Prosunt
653 461 781 519 laesa,
809 476 978 522 graves
999 462 1105 523 jure
1130 460 1384 523 indignata
1408 462 1603 510 dolores
1623 465 1632 510 2

416 540 533 589 Otia
557 557 768 599 securos,
796 540 947 588 immo
973 550 1022 588 et
1046 541 1203 600 timor,
1233 551 1444 603 occupat
1468 542 1649 602 hosteS,

414 621 512 668 Vix
536 622 701 669 hostes
728 621 971 682 equidem,
999 621 1038 669 si
1063 621 1451 684 congrediamur,
1479 623 1748 671 habemus:

417 705 524 750 Nos
550 702 668 765 quid
694 702 825 749 enim
849 711 1021 750 contra
1044 701 1168 750 vires
1193 712 1481 765 nostrasque
1506 706 1775 753 valebunt?

418 785 523 831 Nos
549 783 691 845 primi
715 784 892 831 ferrum
918 783 1161 845 tingamus
1187 783 1436 846 sanguine,
1463 785 1630 847 primis

422 863 664 912 Funditus
690 872 941 912 externam
964 864 1131 926 gladio
1156 863 1269 926 igne
1293 874 1509 914 evertere
1531 875 1730 929 gentem

412 945 483 993 Sit
508 944 651 993 nobis
671 962 682 1003 3
717 945 885 1007 patriae
912 946 1093 992 damna
1116 945 1409 993 ulciscamur
1432 946 1601 1008 iniqua
1621 950 1630 994 ἴ

414 1028 514 1074 Cur
538 1034 711 1085 metus,
739 1042 768 1073 o
797 1026 1015 1085 comites,
1044 1043 1128 1073 cur
1151 1043 1307 1074 vanus
1333 1036 1538 1088 pectora
1561 1037 1715 1076 terror

414 1109 676 1170 Occupat?
712 1110 802 1155 en!
841 1106 1002 1154 cuncti
1024 1116 1206 1169 strages
1225 1108 1510 1170 bellumque
1535 1117 1799 1171 reposcunt
1821 1127 1829 1155 :

414 1190 607 1236 Cuncta
631 1187 742 1235 furit
766 1189 922 1247 tellus,
947 1189 1078 1250 justa
1103 1188 1305 1236 surrexit
1330 1197 1378 1237 et
1403 1188 1485 1248 ira,

415 1269 660 1318 Omnibus
686 1269 816 1317 idem
849 1269 1055 1328 animus,
1083 1285 1260 1332 pugnae
1287 1271 1420 1318 furor
1443 1270 1674 1320 omnibus
1698 1270 1830 1320 idem

549 1359 634 1399 est.

413 1432 532 1480 Voti
556 1431 699 1494 igitur
722 1447 978 1490 memores,
1007 1447 1250 1479 memores
1275 1430 1465 1480 virtutis
1491 1441 1540 1480 et
1564 1431 1644 1480 irae

414 1513 699 1576 Surgamus!
735 1514 879 1575 justae
906 1513 1067 1560 caedes
1089 1531 1097 1560 z
1137 1512 1202 1559 Di
1227 1512 1343 1560 talia
1366 1521 1577 1575 poscunt
1597 1514 1640 1561 !”

479 1722 723 1786 Sanguine
749 1731 871 1770 terra
898 1722 1065 1770 madet
1083 1739 1095 1782 ;
1130 1721 1388 1784 flagrantes
1413 1721 1606 1784 ignibus
1629 1722 1764 1771 aedes

415 1808 637 1863 Fumant,
666 1820 849 1866 perque
874 1803 976 1851 vias
1003 1812 1281 1851 sternuntur
1305 1803 1476 1851 inertia
1499 1802 1680 1865 passim

414 1888 635 1947 Corpora
682 1901 865 1946 perque
913 1884 1090 1932 domos
1108 1901 1121 1944 3
1180 1892 1350 1945 regnat
1395 1883 1553 1946 gravis
1609 1882 1826 1945 undique

547 1967 716 2013 luctus.

414 2046 608 2094 Inmani
633 2046 772 2093 miles
798 2045 910 2093 furit
933 2044 1152 2106 undique
1177 2045 1410 2092 barbarus
1435 2043 1516 2101 ira,

412 2130 505 2175 Fas
531 2143 678 2175 omne
703 2126 962 2188 abrumpit,
991 2125 1222 2173 dominos
1248 2126 1508 2173 obtruncat
1533 2123 1756 2182 inermeS,

412 2209 608 2258 Oblitus
633 2207 747 2255 fidei
773 2216 954 2254 sanctae
975 2227 983 2255 ι
1020 2206 1314 2269 fugientibus
1339 2206 1521 2253 instant
1539 2223 1551 2265 5

414 2292 577 2337 Morte
596 2296 822 2350 premunt
842 2287 1037 2335 crudeli.
1114 2290 1160 2334 It
1181 2286 1326 2334 tristis
1354 2286 1417 2333 ad
1437 2287 1619 2334 aethera
1642 2287 1827 2335 clamor

413 2372 688 2419 Bellantum
718 2370 966 2431 juvenum,
1002 2376 1150 2429 atque
1184 2367 1428 2415 horrenda
1461 2376 1617 2416 morte
1650 2368 1827 2415 caden-

547 2460 664 2499 tum.
1067 2447 1071 2452 ’

413 2535 520 2581 Nec
544 2548 675 2580 mors
700 2530 873 2578 insano
895 2530 997 2591 jam
1024 2527 1199 2575 sufficit
1226 2527 1330 2590 ipsa
1354 2527 1514 2586 furori,

409 2613 559 2661 Saevis
584 2627 698 2659 nam
723 2609 854 2657 furiis
879 2608 1120 2667 ardentes,
1148 2623 1210 2655 ne
1237 2607 1356 2669 quid
1381 2607 1604 2655 inausum

410 2696 509 2740 Aut
534 2692 846 2740 intractatum
873 2688 1066 2737 sceleris
1093 2688 1166 2747 sit,
1195 2704 1401 2750 corpora
1424 2689 1584 2750 longa,

409 2775 680 2821 Tormento
707 2770 920 2819 cruciata
943 2768 1089 2832 gravi,
1118 2768 1186 2816 sic
1211 2781 1367 2816 morte
1393 2767 1651 2816 trucidant.
