2028 3230
811 235 906 290 257

487 781 778 842 LATIN
834 781 1316 842 ELEGIACS.

454 975 546 1022 ’'lq-²,
568 974 597 1014 ὦ
617 975 782 1026 ταχεῖαι
801 972 977 1023 ποίνιμοί
995 975 1033 1013 τ’
1053 973 1242 1026 Ἐρινύες,

460 1042 645 1094 γεύεσθε,
665 1043 721 1093 μὴ
743 1041 1290 1093 φείδεσθε.-8ΟΡΗΟ(ΞΙ,Ε5.

191 1211 464 1259 AESTATEM
524 1216 945 1270 auctumnumque
1005 1209 1236 1271 frequens
1289 1207 1619 1256 madefecerat

326 1291 494 1350 imber,

262 1375 380 1436 Ipsa
403 1371 646 1421 inmatura
668 1387 830 1420 messe
854 1370 1043 1420 virebat
1067 1370 1225 1419 hiems
1244 1388 1257 1431 3

192 1460 405 1520 Jamque
429 1458 793 1520 putrescebant,
818 1455 926 1504 visu
950 1454 1244 1513 miserabile,
1273 1455 1447 1517 fruges,

263 1541 328 1588 Et
351 1539 497 1587 fallax
522 1537 706 1586 circum
731 1537 868 1601 spica
889 1538 1089 1600 jacebat
1113 1535 1261 1584 humi.

195 1703 458 1765 Quotquot
482 1701 580 1750 iere
605 1700 710 1750 dies
735 1700 870 1749 rabie
896 1699 1103 1763 stipatur
1126 1698 1308 1748 edendi

260 1785 394 1831 Ante
419 1781 698 1831 Sacerdotis
724 1781 950 1844 squalida
974 1783 1117 1830 turba
1140 1782 1283 1841 fores,

196 1863 428 1924 Condita‚³
457 1863 527 1912 sic
551 1862 732 1912 cecinit
756 1862 938 1911 vicinia
962 1871 1082 1923 tota,
1110 1863 1312 1911 refertas

210 1971 218 1976 -
263 1943 402 1993 Illius
427 1943 477 1992 in
503 1945 653 1992 cellas
678 1943 851 1992 ultima
874 1942 1048 1992 messis
1075 1952 1189 1991 erat.

199 2108 348 2157 Certa
371 2106 478 2156 dies
502 2106 734 2155 miserum
763 2106 971 2155 sedandi
998 2115 1072 2155 est
1096 2105 1230 2154 dicta
1254 2106 1493 2166 dolorem,

267 2189 434 2239 Corda
459 2188 544 2238 ubi
569 2188 873 2252 pauperibus
892 2187 1204 2251 pacificanda
1227 2188 1390 2237 forent
1412 2206 1425 2248 3

201 2272 317 2333 Ipse
338 2271 480 2333 jubet
505 2278 713 2318 cunctos
738 2270 788 2318 in
813 2286 1045 2333 magnam
1070 2271 1327 2319 adcurrere
1353 2272 1529 2320 cellam
1554 2287 1565 2328 3

266 2350 462 2400 Scilicet
487 2351 537 2399 in
561 2352 786 2400 brumam
813 2353 938 2400 farra
961 2352 1177 2412 daturus,
1203 2351 1281 2400 ait.

203 2512 456 2575 Undique,
483 2529 571 2576 per
593 2515 732 2563 laetas
756 2514 842 2563 ubi
867 2513 1068 2563 nuntius
1092 2513 1274 2563 accidit
1298 2530 1452 2571 aures,

271 2593 434 2643 Currit
458 2594 523 2642 ad
547 2604 742 2658 optatas
767 2595 935 2659 indiga
958 2597 1101 2645 turba
1125 2596 1279 2658 dapes
1299 2613 1311 2655 3

202 2677 372 2725 Turba
395 2676 762 2738 frequentarunt
787 2678 977 2738 cellam,
1001 2679 1308 2740 juvenesque
1334 2691 1587 2737 senesque,

273 2757 536 2818 Multaque
560 2773 674 2805 cum
699 2759 903 2820 querula
926 2758 1110 2807 femina
1133 2759 1271 2821 prole
1295 2755 1442 2805 venit.
