2028 3230
685 244 862 280 GREEK
900 245 1271 282 HEXAMETERS.
1588 248 1678 301 155

248 360 376 419 ἀλλ’
402 363 553 422 αὖθις
575 363 822 433 μετέειπε
843 365 992 430 βοῶν
1016 366 1373 431 ἐπιβουκόλος
1398 366 1530 438 ἀνὴρ

249 449 566 520 δαιτυμόνας
590 450 637 504 τ’
663 451 884 506 ἐπέεσσι
909 452 1190 522 προσηύδα
1213 453 1575 526 μειλιχίοισιν.

207 556 212 561 ·
250 540 284 563 “
300 533 496 595 Ἀλλὰ,
526 532 700 606 ὁρᾶτε,
728 535 904 605 φίλοι,
931 533 1122 604 μήπως
1148 534 1374 589 δειλοῖσι
1396 538 1680 609 βροτοῖσιν

248 620 427 685 καῦμα
451 615 586 686 φέρῃ
611 617 841 689 πυρετὸν
866 617 1217 690 θυμοφθόρον,
1241 619 1302 672 οὐ
1325 618 1429 688 «γὰρ
1455 620 1678 678 ἀκεστὸς

246 699 393 772 ὅρμῳ
417 698 719 771 ἀλεξικάκῳ
744 702 889 769 ὑμῶν
915 701 984 760 ὡς
1009 700 1228 772 πατρίδι
1251 701 1433 770 Ύαίῃ.”

248 780 313 848 δὴ
338 780 448 836 τότ’
473 782 773 853 ἀπειρέσιοι
799 783 1028 853 φθονγνγοὶ,
1054 783 1278 838 ἔκτοσθε
1303 783 1512 855 θυράων

248 863 456 919 ἔνδοθεν
478 865 756 933 ἤκουσθεν,
784 866 1028 936 πάταγος
1053 866 1095 920 δ’
1122 866 1214 933 ἦεν
1237 867 1573 937 προσιόντων

247 946 465 1017 κλίμακ’
492 947 572 1004 ἀν’
600 949 836 1021 ὑψηλὴν,
865 948 1094 1019 αἰθούσῃ
1118 949 1163 1004 τ’
1190 949 1507 1021 ἠνεμοέσσῃ·

246 1029 527 1102 ἦλθονΎάρ
553 1032 601 1086 τ’
626 1031 815 1100 ἄμυδις
842 1034 1182 1105 περιναιέται
1205 1032 1283 1100 ἠδ’
1311 1032 1565 1106 ἀρότηρες

246 1114 369 1173 τοὺς
393 1113 616 1188 ἀθρόους
641 1115 895 1170 ἐκάλεσσ’
923 1116 1280 1180 ἐπιβουκόλος
1305 1116 1422 1170 ὅνδε
1446 1116 1677 1185 δόμονδε·

247 1196 311 1264 δὴ
336 1196 459 1252 τότε
483 1198 733 1268 θυμάρων
759 1199 960 1272 ἑτάρων
984 1199 1125 1270 φίλη
1152 1198 1308 1254 ἔσκεν
1332 1198 1527 1266 ὀπωπὴ

247 1279 404 1350 δῆρον
428 1281 818 1353 ἀποιχομένων·
844 1284 927 1336 τοὶ
952 1282 1015 1348 δὴ
1040 1283 1164 1354 περὶ
1189 1286 1334 1356 χεῖρε
1356 1282 1624 1349 βαλόντες

246 1363 469 1428 ἄσμενοι
493 1364 821 1431 ἀλλήλοισιν
846 1365 1196 1438 ἐτάρφθησαν
1220 1366 1523 1438 φιλότητος·

245 1449 413 1504 κεῖνος
438 1445 482 1500 δ’
503 1447 563 1501 ἐκ
587 1447 839 1517 φυγάδων
863 1447 1034 1516 ἀὙνὼς
1056 1448 1241 1517 πάρος,
1269 1449 1318 1502 εἴ
1339 1448 1459 1502 ποτ’
1487 1450 1578 1514 ἔην
1600 1472 1676 1517 «γε,

244 1528 387 1584 ὥστε
405 1531 571 1600 φίλος
588 1529 753 1599 Ργένετ’
770 1529 911 1601 αἶψ’,
932 1529 1066 1598 αὐτὴ
1086 1530 1189 1600 *γὰρ
1210 1531 1492 1600 ἐφέλκεται
1510 1531 1677 1605 ἄνδρα

244 1613 453 1684 πατρίς·
490 1612 630 1684 ἀτὰρ
655 1614 795 1667 κατὰ
822 1613 973 1680 δῶμα
996 1613 1164 1686 «γέρων
1189 1612 1446 1685 φόρμιγγι
1470 1616 1646 1684 λιὙείῃ

246 1694 452 1766 ἱμερόεν
475 1695 714 1767 κιθάριζ,
740 1696 795 1751 ἐν
821 1695 876 1749 δὲ
902 1697 1096 1768 σφίσιν
1124 1696 1302 1766 ἵμερον
1325 1697 1467 1769 ὦρσε

241 1782 457 1846 μολπῆς
482 1800 540 1832 τε
562 1783 822 1849 «γλυκερῆς
847 1779 938 1833 καὶ
962 1780 1229 1848 ἀμύμονος
1253 1779 1561 1853 ὀρχηθμοῖο.

243 1861 295 1915 οἱ
317 1859 360 1915 δ’
387 1861 657 1935 ἀπέχοντο
680 1861 858 1931 λόνγων
882 1863 989 1917 νέοι
1014 1862 1098 1925 ὣς,
1126 1862 1307 1916 ἀταλὰ
1333 1864 1638 1936 φρονέοντες
