2028 3230
385 285 484 342 428
932 300 1224 335 IPHIGENIA.

388 419 506 465 Hoc
531 417 688 480 pietas
706 437 718 479 3
756 436 906 467 unam
930 420 1123 482 rapiunt
1148 421 1247 469 duo
1272 421 1474 470 nomina
1497 432 1724 472 mentem.

382 497 464 545 Sic
490 497 673 560 rapitur
697 501 889 559 cumba,
918 500 1133 549 instabili
1154 502 1338 562 jactata
1362 504 1570 563 saburra,

385 579 550 638 Quam
576 579 767 627 diversa
791 581 990 629 trahunt
1013 581 1161 641 venti,
1188 590 1237 630 et
1262 583 1528 631 contrarius
1552 593 1698 633 aestus
1716 602 1729 645 3

386 660 479 706 Illa
502 659 594 708 viae
620 660 770 708 dubia
796 670 883 719 est,
911 672 1261 725 momentaque
1286 663 1431 712 sumit
1455 673 1675 728 utroque.

384 741 599 789 Vertitur
621 751 734 790 ante
761 744 931 791 oculos
958 759 1087 791 saeva
1112 743 1373 792 emoritura
1397 745 1552 793 securi

386 821 535 882 Filia3
574 832 622 871 et
647 822 864 885 incoepto
890 833 1049 872 certus
1076 823 1308 873 desistere
1333 827 1478 875 bello.

387 904 532 950 Mens
558 903 690 951 aliud
717 905 903 964 suadet,
931 906 1232 968 laudumque
1257 906 1455 955 adrecta
1478 906 1672 970 cupido.

384 983 480 1030 Vix
505 984 706 1032 tandem
731 985 837 1034 haec
865 985 1029 1034 dubiae
1055 986 1181 1034 sedit
1206 987 1449 1035 sententia
1472 987 1655 1036 menti:

386 1066 493 1122 Nec
517 1081 654 1114 mora
673 1083 685 1125 3
723 1067 987 1115 facundum
1016 1067 1179 1116 subito
1204 1068 1453 1130 praemittit
1479 1069 1692 1129 Ulixem,

385 1146 592 1194 Foedera
617 1156 858 1207 causatus,
885 1148 1049 1211 magni
1075 1157 1123 1197 et
1148 1149 1361 1197 conubia
1384 1149 1603 1209 Achillis,

387 1230 457 1275 Ut
482 1236 610 1277 natae
635 1229 759 1277 ferat
783 1230 903 1289 haeC,
933 1229 1187 1293 ipsamque
1212 1232 1276 1279 ad
1301 1231 1442 1279 litora
1466 1231 1624 1280 ducat.

450 1419 562 1478 Jam
587 1417 787 1466 miseras
807 1434 1035 1480 pensura,
1057 1434 1151 1466 nec
1177 1419 1240 1466 ob
1262 1434 1348 1465 sua
1372 1417 1587 1478 crimina,
1608 1434 1795 1482 poenas,

383 1498 555 1546 Tristis
580 1499 733 1557 adest,
763 1497 881 1546 tristi
913 1499 1062 1546 ducta
1088 1498 1346 1561 Iphigenia
1369 1498 1570 1562 parenti.

383 1579 636 1627 Succiduis
664 1579 872 1641 primum
900 1579 1122 1642 genibus,
1149 1596 1394 1642 passuque
1419 1579 1660 1640 trementi,

387 1660 594 1720 Incedit,
624 1660 921 1724 sanguisque
946 1660 1236 1723 animusque
1261 1661 1490 1723 relinquit
1513 1670 1726 1710 euntem.

381 1742 551 1800 'Quum
575 1758 691 1790 vero
720 1751 833 1791 ante
858 1758 991 1790 aram
1017 1751 1066 1790 et
1093 1743 1294 1789 Danaos
1328 1741 1474 1801 stetit,
1501 1757 1587 1789 ora
1610 1741 1797 1790 notavit

385 1824 535 1869 Casta
559 1824 707 1870 rubor
731 1822 933 1881 subitus,
961 1838 1250 1884 rursumque
1275 1821 1473 1870 evanuit
1497 1823 1638 1881 ultro,

386 1904 447 1950 Et
472 1919 585 1950 vera
610 1903 802 1951 incessu
827 1903 984 1966 patuit
1007 1902 1174 1966 regina
1191 1920 1204 1962 3
1239 1911 1439 1965 repente

386 1983 599 2031 Conscia
623 1984 936 2047 magnanimo
963 1985 1115 2032 fervet
1142 1984 1231 2031 sub
1257 1992 1456 2045 pectore
1480 1981 1629 2030 virtus
1647 2000 1661 2041 3

382 2064 516 2112 Sedit
541 2064 590 2111 in
616 2081 699 2112 ore
725 2065 878 2124 dolor,
909 2065 995 2113 sed
1022 2065 1157 2127 quod
1183 2065 1326 2112 dolor
1349 2063 1452 2125 ipse
1477 2064 1696 2111 decebat.

382 2147 447 2192 At
474 2154 611 2207 pater
635 2144 818 2194 interea
844 2162 895 2194 se
920 2145 999 2193 vix
1023 2147 1153 2194 bene
1178 2143 1398 2193 continet
1421 2159 1591 2191 amens
1609 2161 1622 2203 3

387 2225 636 2273 Deficiunt
661 2226 724 2272 ad
749 2234 913 2287 coepta
937 2223 1086 2272 animi
1103 2242 1117 2284 3
1153 2232 1284 2272 natae
1311 2224 1478 2271 oscula
1501 2222 1604 2287 figit

386 2308 502 2354 Non
526 2306 793 2368 repetenda
818 2321 931 2363 suae,
959 2313 1008 2354 et
1034 2303 1322 2366 singultibus
1348 2302 1429 2350 ilia
1452 2305 1623 2366 pulsat.

385 2388 576 2434 Fletum
601 2395 650 2434 at
675 2384 964 2447 conripiens,
993 2384 1063 2432 sic
1090 2383 1348 2447 Iphigenia
1372 2385 1655 2446 profatur—-

386 2469 414 2491 “
433 2451 544 2524 Cur,
566 2474 715 2529 pater,
734 2465 811 2512 hae
827 2464 1053 2523 lacrimae,
1078 2480 1163 2511 cur
1177 2464 1283 2511 haec
1301 2463 1516 2528 suspiria,
1539 2473 1788 2526 quantum,
1831 2497 1835 2501 -

390 2549 506 2595 Heu
527 2551 535 2595 1
573 2554 809 2609 quantum
827 2544 906 2593 hic
931 2545 1134 2593 demens
1159 2545 1532 2607 Agamemnone
1557 2543 1704 2593 distat
1727 2546 1790 2593 ab

519 2627 618 2686 illo,

385 2708 484 2769 Qui
509 2708 761 2770 quondam
785 2705 974 2755 validas
998 2705 1106 2767 ipso
1132 2721 1329 2767 quoque
1353 2705 1551 2755 nomine
1574 2714 1744 2770 gentes

389 2788 594 2848 Terruit,
624 2787 823 2852 egregiis
847 2795 992 2835 notus
1018 2802 1161 2850 super
1183 2786 1364 2835 aethera
1387 2785 1537 2835 factis
