2028 3230
623 212 802 247 GREEK
841 211 1067 246 IAMBICS.
1502 212 1564 260 39

114 319 387 386 “αὐλαῖσιν
411 331 563 388 αὖθις
586 330 983 403 προσμολοῦσά
1009 352 1088 384 νιν
1114 333 1261 402 τυχῶ

135 413 198 467 οὗ
219 417 425 483 Ὗνωριῶ
451 436 546 472 νιν,
575 418 856 485 τοιγαροῦν
882 413 1007 482 ἐμὸν
1033 411 1200 466 καλὸν

127 495 425 569 Ἀρθουρον
449 497 600 554 αὖθις
625 495 807 552 οὔποτ’
835 494 1015 550 οὔποτ’
1036 498 1270 567 ὄψομαι.

210 663 285 717 Π.
322 659 483 714 Ἀλλ’
511 660 552 715 ὦ
579 660 827 725 τάλαινα,
856 663 1173 733 προσκυνεῖς
1197 660 1378 726 λύπην
1404 658 1510 727 ἄγα
1521 681 1563 712 ν.

211 828 281 882 Κ.
306 826 435 881 ““Ὀδ’
463 828 554 883 οὖν
579 826 744 885 ἄπαις
770 828 843 882 ὢν
869 827 925 881 εῦ
952 826 1096 880 θέλει
1118 848 1186 895 με
1212 825 1490 880 νουθετεῖν.

210 995 280 1048 Φ.
311 994 477 1048 Ἠτοι
502 992 573 1046 σὺ
597 991 776 1059 λύπην
802 992 970 1047 παῖδά
995 991 1040 1046 τ’
1069 993 1128 1060 ἐξ
1154 993 1274 1045 ἴσου
1301 995 1488 1062 φιλεῖς.

213 1162 282 1215 K.
321 1162 484 1228 Λύπη
508 1161 628 1233 «γὰρ,
657 1160 786 1221 ἴσθι,
812 1157 1000 1216 παιδὸς·
1025 1157 1135 1211 ἄντ’
1162 1157 1430 1217 ὀλωλότος·

139 1243 480 1315 παρίσταταί
497 1266 604 1313 μοι,
631 1243 770 1299 τοῦδ’
799 1243 912 1315 ἔχει
938 1241 1085 1295 κενὸν
1109 1241 1286 1314 λέχος,

142 1317 243 1380 σύν
265 1349 358 1394 μοι
381 1326 588 1394 βαδίζει
612 1330 911 1399 πανταχοῦ,
939 1323 1126 1381 παιδὸς
1149 1323 1342 1392 λόγους

141 1411 313 1465 πάλιν
335 1410 483 1480 λέγει
506 1433 581 1472 τε,
608 1410 760 1464 τοῦδέ
785 1409 831 1463 τ’
858 1409 1118 1480 εὐπρεπὲς
1145 1411 1300 1480 φορεῖ

141 1493 225 1548 ἀεὶ
249 1494 558 1567 πρόσωπον,
588 1492 710 1561 κᾶμ’
737 1494 1042 1562 ἀναμνῆσαι
1067 1495 1219 1562 φιλεῖ

142 1577 352 1651 ἄρθρων
376 1600 435 1632 τε
458 1577 662 1650 ῥυθμοῦ
687 1575 934 1646 σώματός
960 1574 1004 1628 τ’
1033 1575 1378 1647 εὐσχήμονος,

143 1659 234 1714 καὶ
259 1659 322 1727 δὴ
347 1659 409 1714 τὸ
435 1663 603 1732 φᾶρος
629 1659 873 1732 φαίνεται
897 1661 1140 1728 πληροῦν
1165 1656 1325 1710 κενόν.

143 1742 278 1817 πρὸς
303 1746 473 1798 ταῦτα
498 1742 669 1810 δήπου
694 1741 794 1796 σὺν
819 1741 936 1811 δίκῃ
961 1741 1141 1806 λύπην
1166 1742 1326 1809 φιλῶ.

143 1825 288 1901 χαῖρ’
315 1828 408 1882 οὖν
433 1827 494 1879 τὸ
517 1825 728 1886 λοιπὸν,
758 1825 806 1879 εἰ
828 1825 932 1894 «γὰρ
959 1824 1029 1883 ὡς
1054 1824 1157 1891 ἐγὼ
1182 1821 1346 1892 πόνον

145 1912 402 1964 τοσοῦτον
427 1908 600 1982 ἔσχες,
629 1907 719 1963 καὶ
744 1906 852 1962 τότ’
879 1907 944 1960 ἂν
968 1905 1311 1979 παραψυχὴν

145 1991 371 2062 ἀμείνον’
398 1993 463 2047 ἂν
486 1992 768 2065 παρέσχον
791 1991 825 2058 ἢ
852 1990 922 2044 σύ
945 1989 994 2058 «γ’
1021 1990 1299 2062 ἀρτίως.·-

110 2074 115 2081 ’
221 2077 382 2131 Οὕτω
409 2075 452 2129 δ’
472 2075 714 2144 ’ἄκοσμος
739 2075 876 2129 οὖσα
901 2075 997 2140 τὴν
1023 2072 1168 2127 ἔνδον
1193 2073 1361 2145 φρένα

148 2159 411 2229 τοῦξωθεν
435 2157 603 2213 οὐκέθ’
630 2158 729 2212 ὧδε
754 2156 1012 2225 κοσμήσω
1039 2157 1190 2226 κάρα.

141 2241 220 2295 Ὠ
245 2243 441 2307 τέκνον,
469 2241 510 2296 ὦ
536 2246 652 2303 παῖ,
678 2241 919 2313 χρηστὸν
941 2239 1236 2310 Ἀρθούρου
1261 2238 1435 2309 δέμας,

149 2324 267 2394 ἐμοὶ
291 2324 412 2388 βίος
437 2347 509 2390 τε,
538 2324 628 2379 καὶ
654 2323 840 2396 τροφὴ,
868 2324 1017 2397 χαρά
1044 2322 1089 2376 θ’
1117 2322 1264 2388 ὁμοῦ,

149 2409 336 2466 ἁπλῶς
365 2406 406 2460 δ’
436 2408 551 2476 ἐμοὶ
576 2409 644 2461 τὰ
668 2407 862 2468 πάντα,
889 2407 1107 2481 χηρείας
1133 2407 1259 2474 ἐμῆς

149 2491 463 2564 παραψυχή
489 2513 563 2555 τε,
592 2490 681 2546 καὶ
705 2490 819 2559 μέγ’
847 2491 1055 2559 ἀλνγέων
1081 2490 1222 2546 ἄκος.

1014 2658 1069 2707 C.
1099 2659 1140 2720 J.
1173 2658 1232 2705 R.
1264 2656 1339 2715 C¹⁷
1373 2654 1510 2713 1848.
