2028 3230
902 235 964 282 29

515 826 807 888 LATIN
863 824 1344 886 ELEGIACS.

216 1048 405 1095 INCIPE
426 1045 531 1107 jam
554 1042 731 1103 tristes,
758 1040 943 1100 infelix,
970 1039 1135 1103 incipe
1159 1040 1335 1098 luctus,

281 1125 447 1176 Scotia
466 1144 480 1187 3
515 1141 616 1189 pax
638 1123 762 1173 abiit
786 1122 1038 1184 scissaque
1062 1121 1230 1184 palma
1249 1121 1396 1182 jacet.

216 1211 282 1258 Et
306 1209 519 1269 suboles,
548 1206 681 1256 duris
706 1205 961 1268 quondam
986 1202 1306 1252 celeberrima
1327 1200 1485 1259 bellis,

283 1288 522 1339 Sternitur
543 1287 595 1336 in
619 1286 770 1351 patris
795 1284 1175 1349 sanguinolenta
1200 1283 1319 1332 solo.

217 1373 326 1421 Nec
350 1380 494 1434 potes
519 1369 721 1419 ulterius
747 1367 910 1417 socios
935 1368 1157 1430 praebere
1181 1373 1402 1429 penates,

284 1453 510 1502 Pandere
533 1467 628 1500 nec
651 1449 792 1500 sessis
817 1448 1015 1512 hospita
1040 1457 1172 1497 tecta
1195 1447 1308 1496 viris
1331 1465 1342 1506 3

216 1535 310 1583 Illa
330 1535 500 1597 jacent
524 1542 671 1592 certe,
698 1540 879 1580 moesta
903 1530 1113 1593 disjecta
1135 1528 1290 1589 ruina,

282 1614 525 1678 Undique
550 1612 765 1663 crudelis
790 1611 947 1662 tristia
971 1611 1111 1675 signa
1134 1627 1323 1659 manus.

217 1781 284 1827 At
309 1778 482 1842 procul
506 1775 676 1825 infelix
701 1777 917 1823 Martem
941 1782 1133 1823 vastare
1159 1773 1367 1821 colonus

284 1857 515 1922 Adspicit
538 1855 700 1922 exigui
725 1854 970 1919 quidquid
994 1856 1212 1903 habebat
1236 1853 1339 1917 agri
1361 1870 1375 1913 3

218 1943 282 1991 Et
305 1949 526 1989 mentem
550 1937 690 2003 pueri
715 1939 929 1986 subeunt
954 1945 1002 1985 et
1028 1952 1214 2000 sponsa
1237 1934 1412 1994 fidelis,

284 2022 468 2071 Tristia
490 2030 596 2071 tum
620 2021 863 2084 plangens
887 2026 1107 2082 pectora,
1135 2018 1236 2065 sata
1258 2026 1398 2080 rogat
1418 2035 1431 2078 3

219 2107 549 2166 Pastoresque
573 2103 702 2150 fame
723 2100 851 2150 saxis
872 2101 1072 2163 jacuere
1098 2115 1327 2162 suprema

289 2187 504 2249 Carpere
529 2199 627 2247 qua
651 2182 783 2232 soliti
807 2198 992 2246 pascua
1015 2190 1136 2229 nota
1159 2197 1330 2244 greges
1351 2199 1364 2241 ς

223 2270 286 2318 Et
310 2277 463 2331 raptae
487 2265 698 2330 gemitus
724 2266 899 2314 frustra
924 2263 1139 2312 effudere
1163 2263 1357 2326 puellae,

290 2352 355 2399 Et
379 2347 519 2413 pueri
542 2347 747 2397 madido
773 2345 1027 2410 deperiere
1053 2345 1172 2395 solo.

223 2513 359 2576 Quid
383 2511 474 2562 tibi
495 2513 598 2576 jam
622 2520 830 2575 prosunt
854 2511 998 2558 clarae
1023 2507 1274 2573 praeconia
1297 2509 1480 2556 famae?

289 2594 426 2657 Quid
448 2593 676 2643 manibus
700 2602 906 2657 prosunt
930 2591 1072 2641 fortia
1096 2592 1224 2639 facta
1248 2590 1343 2639 tuis
1360 2593 1384 2639 Ρ

225 2678 353 2740 Quae
377 2693 467 2740 per
488 2684 563 2725 tot
587 2675 732 2725 celeri
757 2674 976 2723 labentia
1001 2674 1182 2722 saecula
1205 2689 1350 2721 cursu

290 2762 551 2809 Terrarum
574 2756 684 2807 latis
709 2756 927 2807 enituere
952 2755 1147 2820 plagis?
