2028 3230
903 247 997 297 335

567 767 891 828 GREEK
947 767 1348 830 IAMBICS.

502 965 530 984 “
544 963 794 1015 Inpavidum
814 963 958 1004 ferient
979 962 1423 1004 ruinae.'‘-—H0'RACE.

314 1129 483 1196 ANT.
524 1126 662 1182 Ἰδοὺ
684 1127 1121 1200 *γυνὴιπάρεστινρ
1160 1126 1416 1196 ὀμμάτων
1441 1128 1486 1182 τ’
1514 1130 1638 1191 ἄπο,

242 1213 310 1270 ὡς
336 1210 688 1280 εὐπρόσωπον
711 1212 916 1285 χὰΎνὸν
941 1211 1207 1279 ἐκλάμπει
1233 1212 1417 1276 σέβας,

242 1297 387 1368 αὐτῷ
409 1294 613 1365 λέγοιμ’
641 1295 706 1349 ἂν
730 1295 1205 1367 προσφερεστέραν
1231 1294 1332 1365 θεῷ

241 1379 275 1447 ἢ
300 1382 409 1436 τοῖς
435 1377 578 1434 ὁποῖ’
604 1378 670 1432 ἂν
695 1380 755 1432 ἐκ
779 1379 993 1450 βροτῶν
1019 1377 1190 1441 λάβοι
1216 1377 1345 1436 θεός·

242 1463 375 1534 πρὸς
400 1461 634 1516 ἐλπίδων
658 1460 852 1530 ὄμνυμι
877 1464 969 1527 τῆς
996 1461 1103 1514 ἐκεῖ
1125 1463 1299 1533 χαρᾶς

242 1547 503 1619 ἀμηχανῶ
527 1542 637 1612 ’Ύὼ,
664 1545 793 1598 κούκ
819 1542 888 1596 ἔτ’
917 1543 1136 1609 εὐπιθὴς
1162 1547 1322 1597 τανῦν

244 1629 366 1683 ἰδὼν
389 1627 502 1682 τάδ’
529 1628 714 1698 ὥσπερ
741 1627 904 1691 ἐστὶν,
933 1623 1036 1679 οὐδ’
1065 1627 1174 1699 ἔχω
1202 1626 1337 1685 θεοῖς

243 1712 447 1771 τούτοις
471 1710 764 1783 λατρεύειν,
793 1710 1018 1777 εὐμενεῖς
1044 1709 1436 1781 προσεννέπων,

242 1797 464 1866 ὅσοιπερ
490 1794 545 1848 ἐν
570 1791 748 1865 τοιᾷδε
770 1790 1054 1866 χαίρουσιν
1080 1796 1282 1864 σφανγῇ,

243 1879 402 1934 αὐτοί
420 1877 466 1932 θ’
495 1877 694 1932 ἑαυτῶν
719 1873 848 1930 ὥστ’
875 1875 1192 1943 ἐπαυξάνειν
1218 1876 1404 1934 σθένος

243 1962 349 2018 τόδ’
376 1961 540 2031 οὗπερ
566 1959 897 2022 ἐλλείπουσι,
926 1959 1012 2012 καὶ
1042 1958 1158 2012 θεοί
1177 1961 1227 2026 *γ’
1253 1960 1408 2028 ὅμως,

244 2042 515 2118 φθείρουσ’
542 2043 716 2098 ἄωτον
741 2046 836 2096 τοῦ
858 2041 1161 2109 γυναικείου
1185 2045 1381 2110 «γένους.

245 2128 336 2182 καὶ
357 2126 464 2197 μὴν
488 2128 597 2182 ἄνω
622 2127 868 2192 βεβῶσα,
898 2123 1012 2179 κᾶτ’
1039 2125 1282 2197 ἀνωτέρω

246 2208 519 2284 στείχουσ’
543 2210 757 2282 ἀνέρπει
780 2207 1143 2279 πλησιαιτέρα
1169 2208 1317 2267 θεοῖς.

318 2376 491 2434 ΣΑΠ.
517 2376 798 2449 Ἵ-Ιμαρτες
824 2376 922 2445 ἔξω
949 2379 1209 2448 περιορῶν
1234 2377 1596 2443 πλανώμενον.

322 2534 507 2584 ΜΑΚ.
549 2531 710 2586 Οὕτω
735 2533 839 2602 γὰρ
864 2530 1028 2600 ἤθελ’,
1056 2529 1162 2586 οὐδ’
1189 2532 1510 2601 ἐπήγγειλας
1534 2532 1635 2603 βίᾳ

248 2617 309 2672 τὸ
335 2616 473 2672 τοῦδ’
499 2618 771 2683 ἀνάσσειν,
799 2618 950 2672 ἀλλὰ
975 2617 1223 2684 θητεύειν,
1251 2618 1399 2684 ἄναξ.

323 2784 492 2837 ΑΝΤ.
534 2782 720 2849 Μηδὲν
745 2782 808 2837 δι’
836 2782 1008 2852 ὀργῆς·
1035 2782 1152 2852 μηδ’
1175 2781 1488 2854 ἀπαρνήσῃς
1514 2783 1574 2835 τὸ
1599 2784 1674 2850 μὴ
