2028 3230
697 237 857 272 LATIN
895 236 1159 271 ELEGIACS.
1580 237 1646 284 49

214 362 344 410 Pura
366 361 492 410 fides
515 376 620 410 non
643 368 747 408 tam
771 358 978 422 pulchra
1001 356 1090 405 suit
1115 356 1261 405 insita
1285 357 1443 404 forma
1468 362 1475 404 ἕ

281 441 516 491 Non·fuit
538 440 622 489 hic
645 449 881 489 constans
906 437 1236 487 inveniendus
1260 453 1401 486 amor
1425 442 1433 486 1

215 525 334 574 Non
359 539 535 573 crassae
559 531 737 582 vestes,
764 520 968 585 agrestis
992 536 1130 569 more
1155 521 1348 583 puellae‚

281 608 399 655 Non
422 604 598 655 humili
622 603 808 669 placuit
833 605 924 653 sub
950 604 1050 651 lare
1075 610 1240 650 castus
1265 617 1404 650 amor
1426 606 1433 650 ἒ

217 833 383 896 Quid!
420 849 533 882 mea
557 832 597 882 si
621 830 806 881 maestis
830 840 947 894 apta
973 839 1046 879 est
1066 830 1171 892 jam
1196 828 1362 892 lingua
1388 828 1628 891 querellis,

282 914 420 977 Quid
442 917 452 962 l
489 913 530 963 si
557 915 814 962 Musarum
839 922 1066 975 tempora
1090 909 1243 973 cingit
1267 910 1429 958 honor
1445 926 1460 969 3

215 995 352 1058 Quid
372 999 381 1045 Ξ
417 1012 531 1044 mea
555 994 595 1044 si
618 995 851 1060 modulos
876 1001 1044 1041 cantat
1068 992 1188 1039 dum
1211 991 1375 1039 fistula
1398 990 1625 1050 blandos,

281 1077 528 1142 Virgineae
552 1071 736 1125 circum
762 1075 802 1123 si
826 1075 1060 1122 maduere
1083 1089 1224 1136 genae
1247 1090 1261 1133 3

215 1158 300 1208 Nil
325 1158 416 1208 tibi
439 1158 509 1206 nil
533 1158 751 1222 prodest,
781 1156 1032 1220 Corydon,
1063 1171 1151 1217 spe
1177 1153 1348 1202 desine
1374 1170 1515 1213 vana,

281 1240 468 1290 Fistula
492 1256 586 1288 nec
610 1239 823 1298 laudem,
852 1253 947 1286 nec
971 1236 1062 1286 tibi
1086 1237 1250 1283 laurus
1275 1236 1427 1283 habet
1444 1254 1456 1295 3

212 1321 411 1372 Scilicet
434 1321 518 1370 illa
541 1337 697 1370 novas
722 1319 954 1382 concepit
979 1327 1182 1382 pectore
1207 1318 1430 1365 flammas
1451 1335 1464 1377 3
1531 1303 1533 1305 .

284 1405 373 1454 Est
397 1420 554 1453 novus
572 1421 586 1465 3
604 1390 672 1452 ‘et
695 1401 858 1451 fundit
883 1400 1076 1450 dulcior
1099 1399 1180 1447 ille
1205 1399 1396 1447 modos.

214 1643 282 1690 At
305 1657 396 1689 vos
422 1641 468 1690 O
494 1643 503 1689 l
541 1638 749 1688 comites
774 1638 888 1698 cari,
917 1637 1138 1700 sociique
1162 1638 1348 1695 fideles,

288 1721 388 1783 Qui
412 1719 608 1785 gemitis
633 1729 834 1783 captum
860 1718 1146 1783 proditione
1170 1718 1340 1778 virum,

213 1806 320 1854 Vos
345 1803 500 1852 nolite
524 1802 671 1862 illam,
702 1801 946 1864 quidquid
970 1799 1090 1847 mihi
1115 1801 1215 1848 fata
1239 1799 1495 1848 ferendum

285 1883 603 1943 Praebuerint,
629 1882 793 1932 verbis
818 1882 1100 1930 insimulare
1126 1879 1240 1929 doli.

219 1965 357 2029 Quid
381 1970 391 2016 ἱ
427 1965 467 2014 si
487 1967 592 2029 jam
615 1977 782 2024 terras,
811 1963 932 2027 quid
955 1966 963 2011 1
1003 1962 1042 2011 si
1068 1963 1191 2010 freta
1215 1963 1364 2025 longa
1389 1978 1646 2025 pererrem,

287 2049 406 2096 Non
431 2062 535 2095 sors
560 2056 634 2095 est
657 2045 870 2110 pedibus
896 2043 1214 2093 dissocianda
1236 2043 1361 2092 meis
1387 2063 1395 2091 :

219 2128 296 2178 Illi
323 2130 446 2178 falsa
467 2129 592 2178 fides
617 2127 718 2188 fuit,
748 2136 797 2176 et
822 2125 1071 2174 mutabilis
1096 2141 1266 2187 usque,

285 2211 385 2262 Sed
407 2226 532 2270 mea,
559 2208 736 2258 mutari
760 2208 941 2267 nescia,
970 2216 1129 2255 morte
1155 2207 1295 2254 valet.

218 2436 268 2487 Si
309 2453 407 2500 qua
446 2434 628 2497 animo,
668 2434 894 2484 miseram
938 2434 1057 2482 dum
1100 2449 1204 2482 sors
1251 2431 1430 2496 premit
1477 2447 1648 2493 aspera

356 2517 522 2577 vitam,

287 2599 338 2650 Si
362 2615 462 2662 qua
485 2597 651 2646 animo
678 2596 841 2646 miseri
866 2613 983 2645 cura
1006 2595 1192 2644 doloris
1218 2595 1344 2644 inest
1367 2612 1380 2654 3

219 2683 453 2746 Agrestes
478 2679 605 2728 inter
627 2695 740 2728 mea
764 2680 934 2728 funera
958 2687 1132 2726 maesta
1155 2678 1344 2741 puellas

284 2762 549 2817 Adveniat,
576 2762 730 2810 fidum
757 2762 1165 2823 contumuletque
1190 2774 1406 2822 procum.
