<?xml version="1.0" encoding="UTF-8"?>
<!DOCTYPE html PUBLIC "-//W3C//DTD XHTML 1.0 Transitional//EN"
    "http://www.w3.org/TR/xhtml1/DTD/xhtml1-transitional.dtd">
<html xmlns="http://www.w3.org/1999/xhtml" xml:lang="en" lang="en">
 <head>
  <title>
</title>
<meta http-equiv="Content-Type" content="text/html;charset=utf-8" />
  <meta name='ocr-system' content='tesseract 3.04.00' />
  <meta name='ocr-capabilities' content='ocr_page ocr_carea ocr_par ocr_line ocrx_word'/>
</head>
<body>
  <div class='ocr_page' id='page_1' title='image "./flosculicheltoni00jerruoft_0039.png"; bbox 0 0 2028 3230; ppageno 0'>
   <div class='ocr_carea' id='block_1_1' title="bbox 607 222 1606 259">
    <p class='ocr_par' dir='ltr' id='par_1_1' title="bbox 607 222 1606 259">
     <span class='ocr_line' id='line_1_1' title="bbox 607 222 1606 259; baseline 0.003 -3"><span class='ocrx_word' id='word_1_1' title='bbox 607 223 766 257; x_wconf 91' lang='lat' dir='ltr'><strong>LATIN</strong></span> <span class='ocrx_word' id='word_1_2' title='bbox 805 222 994 256; x_wconf 81' lang='lat' dir='ltr'>HEXAM</span> <span class='ocrx_word' id='word_1_3' title='bbox 1001 223 1177 258; x_wconf 90' lang='lat' dir='ltr'><strong>ETERS.</strong></span> <span class='ocrx_word' id='word_1_4' title='bbox 1554 228 1571 259; x_wconf 90' lang='lat'>1</span> <span class='ocrx_word' id='word_1_5' title='bbox 1588 228 1606 259; x_wconf 93' lang='lat'>1</span> 
     </span>
    </p>
   </div>
   <div class='ocr_carea' id='block_1_2' title="bbox 180 343 1564 733">
    <p class='ocr_par' dir='ltr' id='par_1_2' title="bbox 180 343 1564 651">
     <span class='ocr_line' id='line_1_2' title="bbox 183 343 1564 408; baseline 0.001 -15"><span class='ocrx_word' id='word_1_6' title='bbox 183 345 273 394; x_wconf 92' lang='lat' dir='ltr'><strong>Me</strong></span> <span class='ocrx_word' id='word_1_7' title='bbox 297 359 544 393; x_wconf 88' lang='lat' dir='ltr'><strong>summum</strong></span> <span class='ocrx_word' id='word_1_8' title='bbox 568 343 796 408; x_wconf 87' lang='lat' dir='ltr'>posuisse</span> <span class='ocrx_word' id='word_1_9' title='bbox 819 344 988 407; x_wconf 86' lang='lat' dir='ltr'><strong>gradu,</strong></span> <span class='ocrx_word' id='word_1_10' title='bbox 1018 352 1067 392; x_wconf 89' lang='lat' dir='ltr'><strong>et</strong></span> <span class='ocrx_word' id='word_1_11' title='bbox 1091 343 1161 392; x_wconf 90' lang='lat' dir='ltr'><strong>sic</strong></span> <span class='ocrx_word' id='word_1_12' title='bbox 1186 345 1406 394; x_wconf 90' lang='lat' dir='ltr'><strong>funditus</strong></span> <span class='ocrx_word' id='word_1_13' title='bbox 1430 346 1564 395; x_wconf 86' lang='lat' dir='ltr'><strong>horae</strong></span> 
     </span>
     <span class='ocr_line' id='line_1_3' title="bbox 181 425 1393 488; baseline -0.002 -12"><span class='ocrx_word' id='word_1_14' title='bbox 181 427 382 476; x_wconf 87' lang='lat' dir='ltr'><strong>Solvere</strong></span> <span class='ocrx_word' id='word_1_15' title='bbox 405 435 665 475; x_wconf 88' lang='lat' dir='ltr'><strong>momento</strong></span> <span class='ocrx_word' id='word_1_16' title='bbox 689 425 912 488; x_wconf 87' lang='lat' dir='ltr'><strong>potuisse</strong></span> <span class='ocrx_word' id='word_1_17' title='bbox 937 425 1176 488; x_wconf 89' lang='lat' dir='ltr'><strong>perennia</strong></span> <span class='ocrx_word' id='word_1_18' title='bbox 1199 435 1393 488; x_wconf 86' lang='lat' dir='ltr'><strong>gratum</strong></span> 
     </span>
     <span class='ocr_line' id='line_1_4' title="bbox 182 506 1408 569; baseline -0.001 -13"><span class='ocrx_word' id='word_1_19' title='bbox 182 506 383 568; x_wconf 73' lang='lat' dir='ltr'><strong>Debita,</strong></span> <span class='ocrx_word' id='word_1_20' title='bbox 411 508 653 556; x_wconf 90' lang='lat' dir='ltr'><strong>solvendo</strong></span> <span class='ocrx_word' id='word_1_21' title='bbox 678 516 780 556; x_wconf 88' lang='lat' dir='ltr'><strong>tam</strong></span> <span class='ocrx_word' id='word_1_22' title='bbox 805 507 1142 569; x_wconf 88' lang='lat' dir='ltr'><strong>debendoque</strong></span> <span class='ocrx_word' id='word_1_23' title='bbox 1166 508 1408 569; x_wconf 85' lang='lat' dir='ltr'><strong>molesta;</strong></span> 
     </span>
     <span class='ocr_line' id='line_1_5' title="bbox 180 587 1310 651; baseline -0.002 -13"><span class='ocrx_word' id='word_1_24' title='bbox 180 587 380 638; x_wconf 87' lang='lat' dir='ltr'>Scilicet</span> <span class='ocrx_word' id='word_1_25' title='bbox 403 588 587 638; x_wconf 89' lang='lat' dir='ltr'><strong>oblitus</strong></span> <span class='ocrx_word' id='word_1_26' title='bbox 611 588 875 651; x_wconf 87' lang='lat' dir='ltr'><strong>praesentia</strong></span> <span class='ocrx_word' id='word_1_27' title='bbox 899 588 1034 636; x_wconf 86' lang='lat' dir='ltr'><strong>dona</strong></span> <span class='ocrx_word' id='word_1_28' title='bbox 1057 589 1310 637; x_wconf 86' lang='lat' dir='ltr'><strong>ferentem.</strong></span> 
     </span>
    </p>

    <p class='ocr_par' dir='ltr' id='par_1_3' title="bbox 181 665 1513 733">
     <span class='ocr_line' id='line_1_6' title="bbox 181 665 1513 733; baseline 0.001 -17"><span class='ocrx_word' id='word_1_29' title='bbox 181 668 231 716; x_wconf 94' lang='lat' dir='ltr'>N</span> <span class='ocrx_word' id='word_1_30' title='bbox 235 683 293 717; x_wconf 91' lang='lat' dir='ltr'><strong>ec</strong></span> <span class='ocrx_word' id='word_1_31' title='bbox 319 665 592 733; x_wconf 86' lang='lat' dir='ltr'><strong>(miserum)</strong></span> <span class='ocrx_word' id='word_1_32' title='bbox 619 667 740 716; x_wconf 89' lang='lat' dir='ltr'><strong>scivi</strong></span> <span class='ocrx_word' id='word_1_33' title='bbox 764 676 998 727; x_wconf 87' lang='lat' dir='ltr'><strong>mentem,</strong></span> <span class='ocrx_word' id='word_1_34' title='bbox 1026 667 1067 716; x_wconf 87' lang='lat' dir='ltr'><strong>si</strong></span> <span class='ocrx_word' id='word_1_35' title='bbox 1090 683 1298 716; x_wconf 88' lang='lat' dir='ltr'><strong>munera</strong></span> <span class='ocrx_word' id='word_1_36' title='bbox 1320 677 1513 717; x_wconf 86' lang='lat' dir='ltr'><strong>tantum</strong></span> 
     </span>
    </p>
   </div>
   <div class='ocr_carea' id='block_1_3' title="bbox 88 748 1397 812">
    <p class='ocr_par' dir='ltr' id='par_1_4' title="bbox 88 748 1397 812">
     <span class='ocr_line' id='line_1_7' title="bbox 88 748 1397 812; baseline 0 -14"><span class='ocrx_word' id='word_1_37' title='bbox 88 756 95 769; x_wconf 83' lang='lat'>&#39;</span> <span class='ocrx_word' id='word_1_38' title='bbox 182 748 400 798; x_wconf 87' lang='lat' dir='ltr'>Conscia</span> <span class='ocrx_word' id='word_1_39' title='bbox 422 749 642 798; x_wconf 90' lang='lat' dir='ltr'><strong>debendi</strong></span> <span class='ocrx_word' id='word_1_40' title='bbox 666 749 742 810; x_wconf 90' lang='lat' dir='ltr'><strong>sit,</strong></span> <span class='ocrx_word' id='word_1_41' title='bbox 771 766 875 797; x_wconf 88' lang='lat' dir='ltr'><strong>non</strong></span> <span class='ocrx_word' id='word_1_42' title='bbox 900 750 1098 810; x_wconf 80' lang='lat' dir='ltr'><strong>debere⁷</strong></span> <span class='ocrx_word' id='word_1_43' title='bbox 1126 750 1215 798; x_wconf 87' lang='lat' dir='ltr'><strong>sed</strong></span> <span class='ocrx_word' id='word_1_44' title='bbox 1238 766 1397 812; x_wconf 89' lang='lat' dir='ltr'><strong>usque</strong></span> 
     </span>
    </p>
   </div>
   <div class='ocr_carea' id='block_1_4' title="bbox 178 830 1612 2778">
    <p class='ocr_par' dir='ltr' id='par_1_5' title="bbox 180 830 1612 962">
     <span class='ocr_line' id='line_1_8' title="bbox 182 830 1612 896; baseline 0.001 -17"><span class='ocrx_word' id='word_1_45' title='bbox 182 831 420 891; x_wconf 86' lang='lat' dir='ltr'><strong>Pendere,</strong></span> <span class='ocrx_word' id='word_1_46' title='bbox 446 831 717 894; x_wconf 90' lang='lat' dir='ltr'><strong>pendendo</strong></span> <span class='ocrx_word' id='word_1_47' title='bbox 742 830 1020 879; x_wconf 89' lang='lat' dir='ltr'><strong>inmunem:</strong></span> <span class='ocrx_word' id='word_1_48' title='bbox 1060 830 1181 893; x_wconf 89' lang='lat' dir='ltr'><strong>quid</strong></span> <span class='ocrx_word' id='word_1_49' title='bbox 1205 831 1441 894; x_wconf 90' lang='lat' dir='ltr'><strong>ponderis</strong></span> <span class='ocrx_word' id='word_1_50' title='bbox 1467 835 1612 896; x_wconf 86' lang='lat' dir='ltr'><strong>ergo?</strong></span> 
     </span>
     <span class='ocr_line' id='line_1_9' title="bbox 180 911 1246 962; baseline 0.001 -1"><span class='ocrx_word' id='word_1_51' title='bbox 180 912 228 961; x_wconf 92' lang='lat' dir='ltr'>O</span> <span class='ocrx_word' id='word_1_52' title='bbox 254 911 295 961; x_wconf 93' lang='lat' dir='ltr'><strong>si</strong></span> <span class='ocrx_word' id='word_1_53' title='bbox 317 913 418 961; x_wconf 88' lang='lat' dir='ltr'><strong>fata</strong></span> <span class='ocrx_word' id='word_1_54' title='bbox 442 912 611 961; x_wconf 71' lang='lat' dir='ltr'><strong>Deum</strong></span> <span class='ocrx_word' id='word_1_55' title='bbox 637 914 749 962; x_wconf 83' lang='lat' dir='ltr'><strong>Rex</strong></span> <span class='ocrx_word' id='word_1_56' title='bbox 772 912 1002 961; x_wconf 84' lang='lat' dir='ltr'><strong>inferiora</strong></span> <span class='ocrx_word' id='word_1_57' title='bbox 1026 911 1246 962; x_wconf 81' lang='lat' dir='ltr'><strong>dedisset</strong></span> 
     </span>
    </p>

    <p class='ocr_par' dir='ltr' id='par_1_6' title="bbox 181 993 1338 1055">
     <span class='ocr_line' id='line_1_10' title="bbox 181 993 1338 1055; baseline -0.001 -10"><span class='ocrx_word' id='word_1_58' title='bbox 181 993 443 1045; x_wconf 88' lang='lat' dir='ltr'><strong>Caelicolas</strong></span> <span class='ocrx_word' id='word_1_59' title='bbox 466 994 606 1055; x_wconf 86' lang='lat' dir='ltr'><strong>inter,</strong></span> <span class='ocrx_word' id='word_1_60' title='bbox 634 1003 752 1043; x_wconf 86' lang='lat' dir='ltr'><strong>tunc</strong></span> <span class='ocrx_word' id='word_1_61' title='bbox 775 995 849 1043; x_wconf 86' lang='lat' dir='ltr'><strong>fas</strong></span> <span class='ocrx_word' id='word_1_62' title='bbox 873 994 995 1042; x_wconf 92' lang='lat' dir='ltr'><strong>mihi</strong></span> <span class='ocrx_word' id='word_1_63' title='bbox 1018 994 1184 1044; x_wconf 87' lang='lat' dir='ltr'><strong>vivere</strong></span> <span class='ocrx_word' id='word_1_64' title='bbox 1207 996 1338 1055; x_wconf 79' lang='lat' dir='ltr'><strong>laeto,</strong></span> 
     </span>
    </p>

    <p class='ocr_par' dir='ltr' id='par_1_7' title="bbox 178 1075 1516 1222">
     <span class='ocr_line' id='line_1_11' title="bbox 178 1075 1516 1140; baseline 0.001 -16"><span class='ocrx_word' id='word_1_65' title='bbox 178 1076 327 1125; x_wconf 90' lang='lat' dir='ltr'><strong>Tunc</strong></span> <span class='ocrx_word' id='word_1_66' title='bbox 349 1075 577 1125; x_wconf 86' lang='lat' dir='ltr'><strong>inmensa</strong></span> <span class='ocrx_word' id='word_1_67' title='bbox 598 1092 764 1125; x_wconf 86' lang='lat' dir='ltr'><strong>meam</strong></span> <span class='ocrx_word' id='word_1_68' title='bbox 788 1092 892 1125; x_wconf 88' lang='lat' dir='ltr'><strong>non</strong></span> <span class='ocrx_word' id='word_1_69' title='bbox 915 1077 1018 1124; x_wconf 85' lang='lat' dir='ltr'><strong>ulla</strong></span> <span class='ocrx_word' id='word_1_70' title='bbox 1040 1076 1273 1140; x_wconf 85' lang='lat' dir='ltr'><strong>superbia</strong></span> <span class='ocrx_word' id='word_1_71' title='bbox 1295 1086 1516 1126; x_wconf 89' lang='lat' dir='ltr'><strong>mentem</strong></span> 
     </span>
     <span class='ocr_line' id='line_1_12' title="bbox 178 1157 1429 1222; baseline 0 -15"><span class='ocrx_word' id='word_1_72' title='bbox 178 1158 277 1221; x_wconf 91' lang='lat' dir='ltr'><strong>Spe</strong></span> <span class='ocrx_word' id='word_1_73' title='bbox 299 1157 496 1207; x_wconf 86' lang='lat' dir='ltr'><strong>lusisset</strong></span> <span class='ocrx_word' id='word_1_74' title='bbox 519 1158 930 1222; x_wconf 86' lang='lat' dir='ltr'><strong>adhuc—quidni</strong></span> <span class='ocrx_word' id='word_1_75' title='bbox 948 1162 971 1208; x_wconf 87' lang='lat'>?</span> <span class='ocrx_word' id='word_1_76' title='bbox 1004 1160 1104 1208; x_wconf 85' lang='lat' dir='ltr'><strong>fors</strong></span> <span class='ocrx_word' id='word_1_77' title='bbox 1128 1160 1283 1208; x_wconf 82' lang='lat' dir='ltr'><strong>altera</strong></span> <span class='ocrx_word' id='word_1_78' title='bbox 1305 1159 1429 1220; x_wconf 85' lang='lat' dir='ltr'><strong>caeIi,</strong></span> 
     </span>
    </p>

    <p class='ocr_par' dir='ltr' id='par_1_8' title="bbox 179 1238 1610 1878">
     <span class='ocr_line' id='line_1_13' title="bbox 179 1238 1490 1304; baseline 0.002 -16"><span class='ocrx_word' id='word_1_79' title='bbox 179 1240 292 1289; x_wconf 94' lang='lat' dir='ltr'><strong>Nec</strong></span> <span class='ocrx_word' id='word_1_80' title='bbox 314 1238 478 1289; x_wconf 91' lang='lat' dir='ltr'><strong>minus</strong></span> <span class='ocrx_word' id='word_1_81' title='bbox 503 1239 722 1304; x_wconf 87' lang='lat' dir='ltr'><strong>insignis,</strong></span> <span class='ocrx_word' id='word_1_82' title='bbox 750 1250 995 1304; x_wconf 84' lang='lat' dir='ltr'><strong>sperasset</strong></span> <span class='ocrx_word' id='word_1_83' title='bbox 1019 1250 1228 1303; x_wconf 65' lang='lat' dir='ltr'><strong>sceptra,</strong></span> <span class='ocrx_word' id='word_1_84' title='bbox 1254 1251 1490 1304; x_wconf 85' lang='lat' dir='ltr'><strong>potestas,</strong></span> 
     </span>
     <span class='ocr_line' id='line_1_14' title="bbox 180 1321 1610 1386; baseline 0.001 -16"><span class='ocrx_word' id='word_1_85' title='bbox 180 1322 369 1385; x_wconf 87' lang='lat' dir='ltr'><strong>Meque</strong></span> <span class='ocrx_word' id='word_1_86' title='bbox 391 1321 630 1372; x_wconf 89' lang='lat' dir='ltr'><strong>humilem</strong></span> <span class='ocrx_word' id='word_1_87' title='bbox 650 1322 889 1386; x_wconf 88' lang='lat' dir='ltr'><strong>quamvis,</strong></span> <span class='ocrx_word' id='word_1_88' title='bbox 906 1339 1054 1386; x_wconf 90' lang='lat' dir='ltr'><strong>aequo</strong></span> <span class='ocrx_word' id='word_1_89' title='bbox 1073 1322 1167 1372; x_wconf 88' lang='lat' dir='ltr'><strong>sibi</strong></span> <span class='ocrx_word' id='word_1_90' title='bbox 1186 1323 1391 1373; x_wconf 90' lang='lat' dir='ltr'><strong>crimine</strong></span> <span class='ocrx_word' id='word_1_91' title='bbox 1416 1333 1610 1373; x_wconf 88' lang='lat' dir='ltr'><strong>sontem</strong></span> 
     </span>
     <span class='ocr_line' id='line_1_15' title="bbox 179 1403 1424 1469; baseline 0.003 -18"><span class='ocrx_word' id='word_1_92' title='bbox 179 1403 650 1465; x_wconf 85' lang='lat' dir='ltr'><strong>Duxisset—-viden,</strong></span> <span class='ocrx_word' id='word_1_93' title='bbox 677 1414 728 1454; x_wconf 86' lang='lat' dir='ltr'><strong>at</strong></span> <span class='ocrx_word' id='word_1_94' title='bbox 753 1414 978 1468; x_wconf 90' lang='lat' dir='ltr'><strong>superest</strong></span> <span class='ocrx_word' id='word_1_95' title='bbox 1002 1405 1206 1469; x_wconf 84' lang='lat' dir='ltr'><strong>aequalis</strong></span> <span class='ocrx_word' id='word_1_96' title='bbox 1232 1406 1424 1455; x_wconf 90' lang='lat' dir='ltr'><strong>honore</strong></span> 
     </span>
     <span class='ocr_line' id='line_1_16' title="bbox 179 1484 1440 1552; baseline 0.003 -18"><span class='ocrx_word' id='word_1_97' title='bbox 179 1484 425 1535; x_wconf 90' lang='lat' dir='ltr'><strong>Plurimus</strong></span> <span class='ocrx_word' id='word_1_98' title='bbox 442 1503 457 1548; x_wconf 82' lang='lat'>3</span> <span class='ocrx_word' id='word_1_99' title='bbox 490 1486 797 1550; x_wconf 88' lang='lat' dir='ltr'><strong>internisque</strong></span> <span class='ocrx_word' id='word_1_100' title='bbox 822 1487 1034 1536; x_wconf 90' lang='lat' dir='ltr'><strong>invictus</strong></span> <span class='ocrx_word' id='word_1_101' title='bbox 1058 1487 1244 1536; x_wconf 89' lang='lat' dir='ltr'><strong>viribus</strong></span> <span class='ocrx_word' id='word_1_102' title='bbox 1267 1505 1440 1552; x_wconf 89' lang='lat' dir='ltr'><strong>usque,</strong></span> 
     </span>
     <span class='ocr_line' id='line_1_17' title="bbox 181 1567 1348 1632; baseline 0.001 -14"><span class='ocrx_word' id='word_1_103' title='bbox 181 1567 419 1618; x_wconf 89' lang='lat' dir='ltr'><strong>Constitit</strong></span> <span class='ocrx_word' id='word_1_104' title='bbox 441 1577 646 1618; x_wconf 84' lang='lat' dir='ltr'><strong>externa</strong></span> <span class='ocrx_word' id='word_1_105' title='bbox 668 1569 806 1618; x_wconf 87' lang='lat' dir='ltr'><strong>nulla</strong></span> <span class='ocrx_word' id='word_1_106' title='bbox 829 1569 1121 1632; x_wconf 86' lang='lat' dir='ltr'><strong>superabilis</strong></span> <span class='ocrx_word' id='word_1_107' title='bbox 1146 1578 1263 1619; x_wconf 86' lang='lat' dir='ltr'><strong>arte.</strong></span> <span class='ocrx_word' id='word_1_108' title='bbox 1345 1595 1348 1599; x_wconf 94' lang='lat'>·</span> 
     </span>
     <span class='ocr_line' id='line_1_18' title="bbox 180 1649 1454 1719; baseline 0.002 -21"><span class='ocrx_word' id='word_1_109' title='bbox 180 1650 454 1719; x_wconf 23' lang='lat' dir='ltr'><strong>Non&#39;adeo</strong></span> <span class='ocrx_word' id='word_1_110' title='bbox 479 1649 575 1699; x_wconf 86' lang='lat' dir='ltr'><strong>ista</strong></span> <span class='ocrx_word' id='word_1_111' title='bbox 598 1650 689 1700; x_wconf 90' lang='lat' dir='ltr'><strong>tibi</strong></span> <span class='ocrx_word' id='word_1_112' title='bbox 715 1659 790 1700; x_wconf 90' lang='lat' dir='ltr'><strong>est</strong></span> <span class='ocrx_word' id='word_1_113' title='bbox 812 1667 956 1714; x_wconf 91' lang='lat' dir='ltr'><strong>aeque</strong></span> <span class='ocrx_word' id='word_1_114' title='bbox 981 1667 1224 1700; x_wconf 88' lang='lat' dir='ltr'><strong>concessa</strong></span> <span class='ocrx_word' id='word_1_115' title='bbox 1246 1651 1454 1701; x_wconf 83' lang='lat' dir='ltr'><strong>facultas</strong></span> 
     </span>
     <span class='ocr_line' id='line_1_19' title="bbox 179 1729 1610 1796; baseline 0.002 -17"><span class='ocrx_word' id='word_1_116' title='bbox 179 1729 397 1781; x_wconf 84' lang='lat' dir='ltr'><strong>Libera?</strong></span> <span class='ocrx_word' id='word_1_117' title='bbox 418 1747 636 1795; x_wconf 91' lang='lat' dir='ltr'><strong>quemne</strong></span> <span class='ocrx_word' id='word_1_118' title='bbox 654 1731 800 1796; x_wconf 89' lang='lat' dir='ltr'><strong>igitur</strong></span> <span class='ocrx_word' id='word_1_119' title='bbox 816 1732 933 1782; x_wconf 90' lang='lat' dir='ltr'><strong>licet</strong></span> <span class='ocrx_word' id='word_1_120' title='bbox 956 1732 1033 1781; x_wconf 91' lang='lat' dir='ltr'><strong>his</strong></span> <span class='ocrx_word' id='word_1_121' title='bbox 1052 1733 1395 1796; x_wconf 87' lang='lat' dir='ltr'><strong>praesentibuS‚</strong></span> <span class='ocrx_word' id='word_1_122' title='bbox 1422 1750 1610 1794; x_wconf 81' lang='lat' dir='ltr'><strong>amens,</strong></span> 
     </span>
     <span class='ocr_line' id='line_1_20' title="bbox 181 1813 1288 1878; baseline 0.003 -17"><span class='ocrx_word' id='word_1_123' title='bbox 181 1814 418 1862; x_wconf 80' lang='lat' dir='ltr'><strong>Incusate</strong></span> <span class='ocrx_word' id='word_1_124' title='bbox 440 1813 620 1863; x_wconf 84' lang='lat' dir='ltr'><strong>malis?</strong></span> <span class='ocrx_word' id='word_1_125' title='bbox 690 1813 810 1863; x_wconf 90' lang='lat' dir='ltr'><strong>Divi</strong></span> <span class='ocrx_word' id='word_1_126' title='bbox 834 1815 953 1863; x_wconf 87' lang='lat' dir='ltr'><strong>data</strong></span> <span class='ocrx_word' id='word_1_127' title='bbox 976 1814 1132 1864; x_wconf 87' lang='lat' dir='ltr'><strong>libera</strong></span> <span class='ocrx_word' id='word_1_128' title='bbox 1151 1817 1288 1878; x_wconf 86' lang='lat' dir='ltr'><strong>justa</strong></span> 
     </span>
    </p>

    <p class='ocr_par' dir='ltr' id='par_1_9' title="bbox 179 1896 1570 2285">
     <span class='ocr_line' id='line_1_21' title="bbox 182 1896 1570 1959; baseline 0.002 -16"><span class='ocrx_word' id='word_1_129' title='bbox 182 1896 334 1944; x_wconf 86' lang='lat' dir='ltr'><strong>Dona</strong></span> <span class='ocrx_word' id='word_1_130' title='bbox 355 1911 508 1944; x_wconf 88' lang='lat' dir='ltr'><strong>manu</strong></span> <span class='ocrx_word' id='word_1_131' title='bbox 533 1904 741 1956; x_wconf 89' lang='lat' dir='ltr'><strong>tantum,</strong></span> <span class='ocrx_word' id='word_1_132' title='bbox 768 1896 979 1959; x_wconf 88' lang='lat' dir='ltr'><strong>caelique</strong></span> <span class='ocrx_word' id='word_1_133' title='bbox 1003 1896 1214 1946; x_wconf 89' lang='lat' dir='ltr'><strong>insontis</strong></span> <span class='ocrx_word' id='word_1_134' title='bbox 1238 1913 1472 1947; x_wconf 88' lang='lat' dir='ltr'><strong>amorem.</strong></span> <span class='ocrx_word' id='word_1_135' title='bbox 1567 1952 1570 1955; x_wconf 49' lang='grc'>,</span> 
     </span>
     <span class='ocr_line' id='line_1_22' title="bbox 179 1976 1539 2041; baseline 0.001 -15"><span class='ocrx_word' id='word_1_136' title='bbox 179 1976 352 2041; x_wconf 89' lang='lat' dir='ltr'><strong>Sitque</strong></span> <span class='ocrx_word' id='word_1_137' title='bbox 374 1977 503 2027; x_wconf 88' lang='lat' dir='ltr'><strong>adeo</strong></span> <span class='ocrx_word' id='word_1_138' title='bbox 528 1977 822 2027; x_wconf 89' lang='lat' dir='ltr'><strong>maledictus</strong></span> <span class='ocrx_word' id='word_1_139' title='bbox 846 1994 999 2040; x_wconf 87' lang='lat' dir='ltr'><strong>amor,</strong></span> <span class='ocrx_word' id='word_1_140' title='bbox 1026 1978 1294 2027; x_wconf 88' lang='lat' dir='ltr'><strong>maledicta</strong></span> <span class='ocrx_word' id='word_1_141' title='bbox 1316 1978 1539 2028; x_wconf 83' lang='lat' dir='ltr'><strong>simultas</strong></span> 
     </span>
     <span class='ocr_line' id='line_1_23' title="bbox 181 2057 1518 2123; baseline 0.001 -15"><span class='ocrx_word' id='word_1_142' title='bbox 181 2059 335 2108; x_wconf 82' lang='lat' dir='ltr'><strong>Grata</strong></span> <span class='ocrx_word' id='word_1_143' title='bbox 356 2057 479 2107; x_wconf 90' lang='lat' dir='ltr'><strong>mihi</strong></span> <span class='ocrx_word' id='word_1_144' title='bbox 502 2059 698 2123; x_wconf 86' lang='lat' dir='ltr'><strong>pariter,</strong></span> <span class='ocrx_word' id='word_1_145' title='bbox 724 2059 906 2122; x_wconf 89' lang='lat' dir='ltr'><strong>pariter</strong></span> <span class='ocrx_word' id='word_1_146' title='bbox 928 2075 1046 2107; x_wconf 90' lang='lat' dir='ltr'><strong>nam</strong></span> <span class='ocrx_word' id='word_1_147' title='bbox 1071 2060 1309 2123; x_wconf 90' lang='lat' dir='ltr'><strong>quodque</strong></span> <span class='ocrx_word' id='word_1_148' title='bbox 1333 2060 1518 2110; x_wconf 83' lang='lat' dir='ltr'><strong>dolon&#39;s</strong></span> 
     </span>
     <span class='ocr_line' id='line_1_24' title="bbox 181 2139 1517 2204; baseline 0.002 -16"><span class='ocrx_word' id='word_1_149' title='bbox 181 2140 400 2201; x_wconf 91' lang='lat' dir='ltr'><strong>Pondus,</strong></span> <span class='ocrx_word' id='word_1_150' title='bbox 428 2149 478 2190; x_wconf 85' lang='lat' dir='ltr'><strong>et</strong></span> <span class='ocrx_word' id='word_1_151' title='bbox 501 2139 553 2188; x_wconf 89' lang='lat' dir='ltr'><strong>in</strong></span> <span class='ocrx_word' id='word_1_152' title='bbox 576 2139 730 2189; x_wconf 88' lang='lat' dir='ltr'><strong>vitam</strong></span> <span class='ocrx_word' id='word_1_153' title='bbox 754 2140 893 2190; x_wconf 90' lang='lat' dir='ltr'><strong>ducit</strong></span> <span class='ocrx_word' id='word_1_154' title='bbox 915 2141 1201 2204; x_wconf 86' lang='lat' dir='ltr'><strong>plangenda</strong></span> <span class='ocrx_word' id='word_1_155' title='bbox 1225 2158 1517 2204; x_wconf 82' lang='lat' dir='ltr'><strong>supremam.</strong></span> 
     </span>
     <span class='ocr_line' id='line_1_25' title="bbox 179 2212 1391 2285; baseline 0.001 -14"><span class='ocrx_word' id='word_1_156' title='bbox 179 2220 256 2271; x_wconf 91' lang='lat' dir='ltr'><strong>Sis</strong></span> <span class='ocrx_word' id='word_1_157' title='bbox 278 2221 573 2271; x_wconf 87' lang='lat' dir='ltr'><strong>maledictus</strong></span> <span class='ocrx_word' id='word_1_158' title='bbox 597 2232 649 2271; x_wconf 90' lang='lat' dir='ltr'><strong>et</strong></span> <span class='ocrx_word' id='word_1_159' title='bbox 672 2221 779 2285; x_wconf 92' lang='lat' dir='ltr'><strong>ipse</strong></span> <span class='ocrx_word' id='word_1_160' title='bbox 803 2212 908 2282; x_wconf 84' lang='lat' dir='ltr'><strong>tibi,</strong></span> <span class='ocrx_word' id='word_1_161' title='bbox 936 2221 1021 2285; x_wconf 92' lang='lat' dir='ltr'><strong>qui</strong></span> <span class='ocrx_word' id='word_1_162' title='bbox 1046 2221 1237 2285; x_wconf 89' lang='lat' dir='ltr'><strong>ceperis</strong></span> <span class='ocrx_word' id='word_1_163' title='bbox 1260 2224 1391 2272; x_wconf 90' lang='lat' dir='ltr'><strong>ultro</strong></span> 
     </span>
    </p>

    <p class='ocr_par' dir='ltr' id='par_1_10' title="bbox 180 2301 1519 2448">
     <span class='ocr_line' id='line_1_26' title="bbox 181 2301 1519 2367; baseline 0.001 -16"><span class='ocrx_word' id='word_1_164' title='bbox 181 2301 363 2364; x_wconf 89' lang='lat' dir='ltr'><strong>Qualia</strong></span> <span class='ocrx_word' id='word_1_165' title='bbox 381 2303 490 2366; x_wconf 88' lang='lat' dir='ltr'><strong>jure</strong></span> <span class='ocrx_word' id='word_1_166' title='bbox 514 2312 721 2352; x_wconf 86' lang='lat' dir='ltr'><strong>manent</strong></span> <span class='ocrx_word' id='word_1_167' title='bbox 744 2320 880 2353; x_wconf 91' lang='lat' dir='ltr'><strong>seros</strong></span> <span class='ocrx_word' id='word_1_168' title='bbox 904 2303 1211 2353; x_wconf 87' lang='lat' dir='ltr'><strong>lacrimanda</strong></span> <span class='ocrx_word' id='word_1_169' title='bbox 1232 2320 1323 2367; x_wconf 92' lang='lat' dir='ltr'><strong>per</strong></span> <span class='ocrx_word' id='word_1_170' title='bbox 1345 2320 1519 2354; x_wconf 89' lang='lat' dir='ltr'><strong>annos.</strong></span> 
     </span>
     <span class='ocr_line' id='line_1_27' title="bbox 180 2383 1434 2448; baseline 0.002 -16"><span class='ocrx_word' id='word_1_171' title='bbox 180 2383 319 2445; x_wconf 87' lang='lat' dir='ltr'><strong>Quid</strong></span> <span class='ocrx_word' id='word_1_172' title='bbox 340 2384 522 2433; x_wconf 92' lang='lat' dir='ltr'><strong>misero</strong></span> <span class='ocrx_word' id='word_1_173' title='bbox 545 2394 698 2435; x_wconf 88' lang='lat' dir='ltr'><strong>restat</strong></span> <span class='ocrx_word' id='word_1_174' title='bbox 714 2388 737 2435; x_wconf 83' lang='lat'><strong>?</strong></span> <span class='ocrx_word' id='word_1_175' title='bbox 773 2385 956 2435; x_wconf 90' lang='lat' dir='ltr'><strong>misero</strong></span> <span class='ocrx_word' id='word_1_176' title='bbox 980 2385 1063 2435; x_wconf 89' lang='lat' dir='ltr'><strong>via</strong></span> <span class='ocrx_word' id='word_1_177' title='bbox 1084 2387 1223 2435; x_wconf 84' lang='lat' dir='ltr'><strong>nulla</strong></span> <span class='ocrx_word' id='word_1_178' title='bbox 1247 2386 1434 2448; x_wconf 87' lang='lat' dir='ltr'><strong>salutis,</strong></span> 
     </span>
    </p>

    <p class='ocr_par' dir='ltr' id='par_1_11' title="bbox 180 2465 1581 2778">
     <span class='ocr_line' id='line_1_28' title="bbox 182 2465 1581 2532; baseline 0.001 -18"><span class='ocrx_word' id='word_1_179' title='bbox 182 2467 303 2515; x_wconf 90' lang='lat' dir='ltr'><strong>Heu</strong></span> <span class='ocrx_word' id='word_1_180' title='bbox 323 2469 333 2514; x_wconf 74' lang='lat' dir='ltr'><strong>l</strong></span> <span class='ocrx_word' id='word_1_181' title='bbox 367 2465 545 2530; x_wconf 89' lang='lat' dir='ltr'><strong>premit</strong></span> <span class='ocrx_word' id='word_1_182' title='bbox 569 2466 640 2515; x_wconf 88' lang='lat' dir='ltr'><strong>ira</strong></span> <span class='ocrx_word' id='word_1_183' title='bbox 663 2484 846 2529; x_wconf 89' lang='lat' dir='ltr'><strong>comes,</strong></span> <span class='ocrx_word' id='word_1_184' title='bbox 873 2468 995 2532; x_wconf 90' lang='lat' dir='ltr'><strong>fugit</strong></span> <span class='ocrx_word' id='word_1_185' title='bbox 1020 2485 1134 2532; x_wconf 91' lang='lat' dir='ltr'><strong>spes</strong></span> <span class='ocrx_word' id='word_1_186' title='bbox 1157 2468 1331 2517; x_wconf 85' lang='lat' dir='ltr'><strong>ultima</strong></span> <span class='ocrx_word' id='word_1_187' title='bbox 1353 2477 1581 2517; x_wconf 88' lang='lat' dir='ltr'><strong>mentem.</strong></span> 
     </span>
     <span class='ocr_line' id='line_1_29' title="bbox 181 2547 1400 2614; baseline 0.002 -17"><span class='ocrx_word' id='word_1_188' title='bbox 181 2547 422 2611; x_wconf 89' lang='lat' dir='ltr'><strong>Undique</strong></span> <span class='ocrx_word' id='word_1_189' title='bbox 445 2547 551 2597; x_wconf 89' lang='lat' dir='ltr'><strong>visa</strong></span> <span class='ocrx_word' id='word_1_190' title='bbox 572 2549 739 2612; x_wconf 86' lang='lat' dir='ltr'><strong>fugam</strong></span> <span class='ocrx_word' id='word_1_191' title='bbox 763 2549 992 2614; x_wconf 88' lang='lat' dir='ltr'><strong>obsepire</strong></span> <span class='ocrx_word' id='word_1_192' title='bbox 1015 2550 1266 2599; x_wconf 90' lang='lat' dir='ltr'><strong>horrentia</strong></span> <span class='ocrx_word' id='word_1_193' title='bbox 1289 2549 1400 2599; x_wconf 86' lang='lat' dir='ltr'><strong>Leti</strong></span> 
     </span>
     <span class='ocr_line' id='line_1_30' title="bbox 180 2628 1571 2695; baseline 0.001 -18"><span class='ocrx_word' id='word_1_194' title='bbox 180 2630 398 2690; x_wconf 80' lang='lat' dir='ltr'><strong>Tartara,</strong></span> <span class='ocrx_word' id='word_1_195' title='bbox 426 2628 546 2693; x_wconf 88' lang='lat' dir='ltr'><strong>quin</strong></span> <span class='ocrx_word' id='word_1_196' title='bbox 569 2630 683 2679; x_wconf 87' lang='lat' dir='ltr'><strong>furit</strong></span> <span class='ocrx_word' id='word_1_197' title='bbox 706 2630 838 2680; x_wconf 89' lang='lat' dir='ltr'><strong>intus</strong></span> <span class='ocrx_word' id='word_1_198' title='bbox 862 2648 1013 2695; x_wconf 87' lang='lat' dir='ltr'><strong>agens</strong></span> <span class='ocrx_word' id='word_1_199' title='bbox 1039 2634 1130 2681; x_wconf 90' lang='lat' dir='ltr'><strong>sub</strong></span> <span class='ocrx_word' id='word_1_200' title='bbox 1155 2641 1357 2695; x_wconf 89' lang='lat' dir='ltr'><strong>pectore</strong></span> <span class='ocrx_word' id='word_1_201' title='bbox 1383 2633 1571 2680; x_wconf 90' lang='lat' dir='ltr'><strong>Letum.</strong></span> 
     </span>
     <span class='ocr_line' id='line_1_31' title="bbox 181 2710 1446 2778; baseline 0.002 -19"><span class='ocrx_word' id='word_1_202' title='bbox 181 2711 295 2760; x_wconf 90' lang='lat' dir='ltr'><strong>Imo</strong></span> <span class='ocrx_word' id='word_1_203' title='bbox 320 2710 590 2775; x_wconf 90' lang='lat' dir='ltr'><strong>quinetiam</strong></span> <span class='ocrx_word' id='word_1_204' title='bbox 617 2711 915 2778; x_wconf 88' lang='lat' dir='ltr'><strong>(infandum)</strong></span> <span class='ocrx_word' id='word_1_205' title='bbox 942 2715 1034 2763; x_wconf 88' lang='lat' dir='ltr'><strong>sub</strong></span> <span class='ocrx_word' id='word_1_206' title='bbox 1058 2713 1247 2778; x_wconf 84' lang='lat' dir='ltr'><strong>gurgite</strong></span> <span class='ocrx_word' id='word_1_207' title='bbox 1270 2729 1446 2777; x_wconf 87' lang='lat' dir='ltr'><strong>gurges</strong></span> 
     </span>
    </p>
   </div>
  </div>
 </body>
</html>
