2028 3230
654 245 833 280 GREEK
872 246 1102 282 IAMBICS.

1536 253 1556 296 υ)

1570 250 1592 299 NI

163 363 380 437 ἄχρι-ἰον
403 363 599 427 ἄλλως,
628 364 788 432 ὅΎκον
815 365 883 422 ὡς
907 365 1097 437 ῥάκων,
1124 367 1342 437 βρέφος.

164 447 226 501 οὐ
248 445 505 516 μαίνομαι
529 445 655 513 δῆτ’,
685 446 802 501 οἶδα
825 447 929 517 «γὰρ
955 447 1084 515 μάλ’
1114 449 1358 521 ἐμφανῶς

164 531 296 589 ὅσας
322 530 524 596 ἑκάστη
550 532 805 603 συμφορὰ
830 530 1007 589 λύπας
1033 531 1163 599 ἄγει.

239 615 277 649 -x-
530 615 566 648 -κ-
820 615 857 649 -κ
1112 615 1149 651 ἢ(-

240 780 395 832 ΦΙΛ.
454 777 616 832 Ἀλλ’
668 779 760 834 οὖν
821 778 1059 853 ταχύνου
1119 781 1285 835 τάσδε
1341 783 1602 851 συνδῆσαι

313 863 522 936 τρίχας.

245 1031 313 1082 Κ.
353 1029 556 1098 Δράσω
583 1027 696 1082 τάδ’
724 1027 880 1097 ὦναξ,
909 1029 1010 1082 σὺν
1038 1028 1155 1098 δίκῃ
1181 1031 1238 1082 τέ
1265 1053 1353 1101 τῳ,
1383 1033 1440 1086 τί
1460 1035 1563 1103 «γάρ
1586 1060 1599 1096 ;

169 1110 230 1167 τὸ
255 1115 470 1183 πρῶτον
494 1111 658 1170 αὐτὰς
683 1112 944 1180 ἀμπύκων
969 1112 1287 1170 ἀπέσπασα,

168 1196 362 1261 βοῶσα
386 1197 665 1266 λαμπρῶς,
694 1204 724 1225 “
741 1196 789 1249 εἰ
810 1194 915 1264 «γὰρ
942 1194 1044 1248 αἵδ’
1072 1196 1195 1262 ἐμαὶ
1219 1196 1384 1270 χέρες,

171 1277 308 1333 οὕτω
334 1277 574 1332 δύναιντο
599 1277 744 1332 παῖδ’
772 1278 1080 1349 ἐλευθεροῦν
1106 1280 1243 1347 ἐμὸν,

171 1361 241 1420 ὡς
267 1365 359 1417 νῦν
383 1359 587 1416 ἔλυσαν
611 1360 765 1414 τάσδ’
791 1361 885 1415 ἀπ’
913 1361 1173 1429 ἀμπύκων
1198 1362 1388 1438 τρίχας
1411 1366 1468 1417 !”

173 1448 264 1500 νῦν
289 1445 381 1498 οὖν
406 1444 588 1512 ἐπειδὴ
615 1449 742 1502 παῖς
769 1444 841 1499 ἔθ’
870 1444 1100 1514 εἴρνγεται
1125 1446 1297 1506 τάλας

173 1531 418 1600 πικροῖσι
443 1529 669 1596 δεσμοῖς,
696 1527 869 1582 ταῖσδ’
898 1529 1356 1601 ἐλευθερουμέναις

174 1613 355 1687 φθονῶ
381 1635 452 1677 τε,
481 1613 700 1683 δεσμίας
725 1636 784 1668 τε
808 1615 1019 1681 ποιήσω
1046 1616 1229 1670 πάλιν.

173 1696 264 1751 καὶ
290 1698 353 1763 δὴ
377 1697 629 1766 λε’νγοντος
652 1696 913 1768 ᾐσθόμην,
941 1697 1130 1768 πάτερ,
1159 1699 1328 1761 σέθεν,

175 1781 245 1840 ὡς
271 1778 426 1835 τοῦτό
451 1779 500 1848 «γ’
526 1781 651 1848 ἡμῖν
677 1781 881 1853 οὐρανῷ
907 1780 1204 1846 δοθήσεται,

176 1865 368 1936 φίλους
394 1863 520 1918 ἰδεῖν
545 1887 602 1918 τε
626 1864 1080 1933 κάναὙιὙνώσκειν
1105 1866 1288 1920 πάλιν.

178 1947 225 2002 εἰ
248 1945 392 2002 τοῦτ’
417 1946 627 2012 ἀληθὲς,
657 1945 773 2002 εἶτα
798 1947 1068 2019 φίλτατον
1093 1947 1275 2003 τέκνον

177 2029 382 2101 βλέψω
405 2028 535 2099 μάλ’
562 2029 730 2096 αὖθις,
756 2030 845 2082 καὶ
870 2030 973 2102 τγὰρ
1000 2031 1236 2101 ἀρσένων
1262 2032 1380 2086 ὅσοι

178 2112 415 2186 ἀρχῆθεν
439 2113 790 2181 ἐξέβλαστον,
819 2115 871 2172 ἐς
896 2114 956 2167 τὸ
983 2115 1172 2180 νήπιον

180 2195 241 2250 τὸ
266 2194 396 2269 χθὲς
419 2193 582 2261 μόνον
606 2196 858 2269 πεφυκὸς,
886 2198 947 2250 οὐ
972 2197 1177 2267 πέφυκέ
1203 2221 1288 2252 πω

181 2277 352 2335 ἄλλος
378 2301 458 2337 τις
483 2281 647 2334 αὐτοῦ
670 2283 887 2349 μᾶλλον
912 2280 1106 2353 εὐφυὴς
1132 2280 1305 2350 δέμας.

179 2365 271 2416 νῦν
296 2361 339 2414 δ’
367 2362 435 2416 αὖ
461 2362 714 2417 τὸδεινὸν
739 2365 905 2430 ἄλγος
932 2364 1130 2435 ὡραίαν
1156 2365 1340 2436 φθίσει

182 2445 453 2512 βλάστην,
480 2445 708 2518 παρειὰν
733 2445 775 2499 δ’
804 2446 1040 2517 ἐμφύτου
1065 2447 1300 2506 κάλλους
1327 2449 1478 2517 ἅπαξ

185 2529 564 2600 ἀποστερήσει,
592 2528 734 2600 κᾷτα
758 2528 821 2595 δὴ
847 2530 1146 2599 φανήσεται

186 2610 403 2664 εἴδωλον
428 2613 625 2673 ἄλλως,
653 2611 838 2684 ἀνδρὸς
865 2612 1085 2686 ἄψυχος·
1110 2613 1241 2667 σκιὰ

195 2697 412 2766 ψυχρᾶς
439 2692 654 2767 ἔχοντος
681 2696 938 2760 σπασμὸν
963 2690 1158 2767 ἀτηρὸν
1183 2695 1358 2760 νόσου,

188 2777 393 2851 χοῦτως
420 2775 671 2838 θανεῖται,
700 2775 815 2849 κᾷτ’
843 2775 978 2844 ε’πὴν
1004 2779 1058 2831 ἐν
1084 2779 1306 2848 οὐρανοῦ

855 2876 890 2909 D
930 2878 955 2909 2
