2028 3230
676 252 836 287 LATIN
873 252 1237 288 HExAMETERs.
1583 255 1595 286 1
1609 255 1634 299 3
1642 256 1670 303 5

1239 374 1406 422 Nocte
1432 374 1674 437 Chaoque

241 453 368 504 Orta
390 454 630 518 parentali
653 453 790 503 venit
815 455 938 515 Lux,
965 453 1094 503 illius
1120 453 1206 502 imi

243 535 476 605 Primitiae
499 535 643 585 nixus
670 535 1051 599 efferventisque
1077 537 1333 597 tumultus,

241 616 343 679 Qui
366 611 564 680 penitus
587 617 738 674 miros
761 617 973 681 genituri
998 617 1216 680 denique
1240 618 1378 678 fineS,

243 699 662 748 Maturescebant.
738 698 983 747 Maturius
1006 699 1165 747 adfuit
1190 715 1366 759 aevum,

239 778 415 828 Adfuit
438 788 590 843 atque
615 779 762 828 simul
784 796 947 828 rerum
975 781 1084 828 Lux
1108 779 1265 843 prima
1290 789 1468 840 creata,

241 861 370 923 Quae
394 861 579 925 proprii
603 860 846 925 gremium
870 862 1146 910 fecundans
1171 861 1282 925 ipsa
1306 861 1531 911 Parentis

239 941 392 991 Vitali
416 942 643 1007 ingentes
667 942 904 992 animavit
928 943 1133 993 numine
1157 960 1359 993 massas.
1450 931 1452 933 μ

240 1023 492 1087 Tempore
518 1023 638 1088 quin
663 1024 788 1087 ipso,
816 1024 972 1073 nostri
997 1026 1109 1074 fons
1133 1025 1316 1075 nobilis
1341 1035 1490 1086 ortuS‚

238 1106 507 1168 Terraeque
531 1114 581 1155 et
605 1105 714 1155 caeli
740 1106 934 1170 species
958 1106 1222 1156 manifesta
1244 1107 1434 1157 refulsit
1459 1126 1469 1156 :

239 1188 319 1236 Tu
343 1186 460 1237 dein
483 1187 801 1252 primigenus,
827 1206 921 1238 nos
947 1198 996 1238 et
1021 1188 1219 1238 Titania
1242 1191 1402 1252 pubes

241 1269 421 1332 Regna
442 1270 736 1332 regebamus
760 1269 863 1319 vita
887 1272 1105 1319 formosa
1129 1270 1328 1319 recenti.

238 1351 423 1399 Actum
449 1359 523 1399 est
543 1371 553 1400 :
587 1351 817 1400 veridicae
843 1368 1062 1400 morsum
1087 1369 1221 1400 nunc
1245 1351 1431 1401 cernite
1455 1351 1605 1411 vocis,

239 1429 290 1480 Si
326 1447 466 1494 quos,
504 1432 570 1480 ah
605 1431 741 1481 stulti
765 1436 1064 1482 l—vestrum
1099 1432 1194 1482 ista
1228 1432 1551 1482 momorderit
1586 1449 1671 1481 un-

375 1528 526 1576 quam
543 1531 558 1573 3

241 1595 417 1657 Usque
443 1593 628 1643 etenim
653 1594 755 1643 veri
779 1595 943 1644 nudos
968 1596 1183 1658 perferre
1210 1596 1423 1655 dolores,

239 1676 530 1739 Asperaque
554 1675 747 1724 inmoto
773 1685 1093 1725 contemnere
1118 1685 1344 1739 tempora
1366 1677 1518 1736 vultu,

238 1758 496 1807 Summum
521 1766 597 1806 est
619 1756 894 1820 imperium.
968 1757 1183 1806 Senioris
1208 1757 1393 1807 credite
1417 1757 1595 1819 verbis,

241 1838 315 1887 Ut
338 1838 507 1888 Chaos
527 1847 577 1887 et
592 1840 862 1900 Tenebras,
887 1839 1113 1902 quamvis
1135 1839 1379 1902 pollentia
1394 1839 1666 1902 quondam,

241 1921 518 1983 Exsuperat
540 1920 676 1984 longi
701 1923 868 1970 Terrae
894 1921 1105 1984 caelique
1130 1930 1379 1975 venustas,

239 2003 414 2064 thue
437 2010 750 2051 venustatem
774 2019 868 2052 nos
891 2002 987 2066 ipsi
1011 2002 1255 2051 vincimus
1280 2002 1428 2062 illam,

241 2085 464 2148 Corpore
487 2094 795 2148 praestantes,
822 2085 1003 2149 insigni
1030 2095 1078 2135 et
1102 2088 1281 2135 robore
1306 2087 1477 2136 formae
1498 2105 1511 2147 ;

236 2162 454 2212 Arbitrio
478 2163 693 2227 proprio,
719 2163 921 2228 proprio
947 2164 1031 2228 qui
1053 2166 1163 2227 jure
1187 2166 1420 2225 fruenteS,

238 2243 409 2308 Juncti
433 2254 483 2294 et
506 2244 736 2294 amicitiae
763 2245 935 2294 sociali
961 2247 1147 2295 foedere
1171 2247 1338 2307 firmae,

240 2323 391 2388 Signa
412 2324 510 2374 alia
533 2325 780 2375 edidimus
803 2326 1020 2376 melioris
1046 2327 1257 2390 plurima
1279 2328 1480 2388 vitae‚—u

239 2405 322 2455 Sic
345 2422 548 2470 quoque
570 2406 645 2456 vis
668 2407 816 2456 nobis
838 2409 941 2471 jam
962 2410 1067 2471 jam
1092 2408 1356 2472 perfectior
1378 2409 1543 2470 instat,

239 2486 331 2536 Vis
356 2487 523 2551 specie
549 2490 814 2550 excellens,
843 2506 955 2552 quae
980 2490 1128 2539 nobis
1154 2499 1276 2551 orta,
1302 2500 1534 2554 parentes

242 2571 351 2618 Nos
374 2567 565 2619 victura
587 2579 755 2620 tamen
779 2573 881 2620 fato
908 2571 1189 2621 decernitur
1212 2572 1337 2635 ips0‚

242 2649 455 2699 Pristina
479 2666 580 2713 quo
605 2651 783 2701 veteris
810 2669 1097 2715 superamus
1120 2654 1326 2703 numina
1352 2654 1540 2703 Noctis.

243 2733 362 2781 Non
386 2731 543 2796 magis
567 2732 662 2781 hac
682 2733 770 2782 sed
790 2733 923 2782 enim
941 2734 1140 2784 devicta
1159 2744 1233 2784 est
1257 2745 1426 2784 nostra
1449 2742 1671 2798 potestas
