<?xml version="1.0" encoding="UTF-8"?>
<!DOCTYPE html PUBLIC "-//W3C//DTD XHTML 1.0 Transitional//EN"
    "http://www.w3.org/TR/xhtml1/DTD/xhtml1-transitional.dtd">
<html xmlns="http://www.w3.org/1999/xhtml" xml:lang="en" lang="en">
 <head>
  <title>
</title>
<meta http-equiv="Content-Type" content="text/html;charset=utf-8" />
  <meta name='ocr-system' content='tesseract 3.04.00' />
  <meta name='ocr-capabilities' content='ocr_page ocr_carea ocr_par ocr_line ocrx_word'/>
</head>
<body>
  <div class='ocr_page' id='page_1' title='image "./flosculicheltoni00jerruoft_0347.png"; bbox 0 0 2028 3230; ppageno 0'>
   <div class='ocr_carea' id='block_1_1' title="bbox 878 237 975 286">
    <p class='ocr_par' dir='ltr' id='par_1_1' title="bbox 878 237 975 286">
     <span class='ocr_line' id='line_1_1' title="bbox 878 237 975 286; baseline 0.041 -4"><span class='ocrx_word' id='word_1_1' title='bbox 878 237 975 286; x_wconf 84' lang='lat'><strong>3¹9</strong></span> 
     </span>
    </p>
   </div>
   <div class='ocr_carea' id='block_1_2' title="bbox 409 923 1455 984">
    <p class='ocr_par' dir='ltr' id='par_1_2' title="bbox 409 923 1455 984">
     <span class='ocr_line' id='line_1_2' title="bbox 409 923 1455 984; baseline 0.002 -2"><span class='ocrx_word' id='word_1_2' title='bbox 409 923 700 983; x_wconf 86' lang='lat' dir='ltr'><strong>LATIN</strong></span> <span class='ocrx_word' id='word_1_3' title='bbox 771 923 1455 984; x_wconf 83' lang='lat' dir='ltr'><strong>HEXAMETERS.</strong></span> 
     </span>
    </p>
   </div>
   <div class='ocr_carea' id='block_1_3' title="bbox 225 1138 1653 2756">
    <p class='ocr_par' dir='ltr' id='par_1_3' title="bbox 225 1138 1653 2756">
     <span class='ocr_line' id='line_1_3' title="bbox 225 1138 1383 1201; baseline 0.001 -13"><span class='ocrx_word' id='word_1_4' title='bbox 225 1141 296 1188; x_wconf 93' lang='lat' dir='ltr'><strong>D1</strong></span> <span class='ocrx_word' id='word_1_5' title='bbox 322 1138 466 1189; x_wconf 88' lang='lat' dir='ltr'><strong>nobis</strong></span> <span class='ocrx_word' id='word_1_6' title='bbox 490 1138 688 1201; x_wconf 78' lang='lat' dir='ltr'><strong>facile53</strong></span> <span class='ocrx_word' id='word_1_7' title='bbox 722 1139 1004 1197; x_wconf 78' lang='lat' dir='ltr'>concedant</span> <span class='ocrx_word' id='word_1_8' title='bbox 1028 1138 1231 1187; x_wconf 83' lang='lat' dir='ltr'>forsitan</span> <span class='ocrx_word' id='word_1_9' title='bbox 1255 1141 1383 1189; x_wconf 90' lang='lat' dir='ltr'><strong>ultro</strong></span> 
     </span>
     <span class='ocr_line' id='line_1_4' title="bbox 226 1220 1574 1287; baseline 0.002 -19"><span class='ocrx_word' id='word_1_10' title='bbox 226 1221 373 1270; x_wconf 88' lang='lat' dir='ltr'><strong>Plura</strong></span> <span class='ocrx_word' id='word_1_11' title='bbox 397 1220 599 1284; x_wconf 89' lang='lat' dir='ltr'><strong>quidem</strong></span> <span class='ocrx_word' id='word_1_12' title='bbox 617 1238 631 1281; x_wconf 92' lang='lat'>;</span> <span class='ocrx_word' id='word_1_13' title='bbox 665 1221 755 1270; x_wconf 92' lang='lat' dir='ltr'><strong>sed</strong></span> <span class='ocrx_word' id='word_1_14' title='bbox 779 1220 913 1270; x_wconf 89' lang='lat' dir='ltr'><strong>enirn</strong></span> <span class='ocrx_word' id='word_1_15' title='bbox 937 1237 1198 1269; x_wconf 89' lang='lat' dir='ltr'><strong>nervorum</strong></span> <span class='ocrx_word' id='word_1_16' title='bbox 1224 1223 1404 1271; x_wconf 88' lang='lat' dir='ltr'><strong>robora</strong></span> <span class='ocrx_word' id='word_1_17' title='bbox 1427 1223 1574 1287; x_wconf 91' lang='lat' dir='ltr'><strong>longe</strong></span> 
     </span>
     <span class='ocr_line' id='line_1_5' title="bbox 228 1302 1439 1367; baseline 0.001 -16"><span class='ocrx_word' id='word_1_18' title='bbox 228 1305 292 1351; x_wconf 89' lang='lat' dir='ltr'><strong>Et</strong></span> <span class='ocrx_word' id='word_1_19' title='bbox 316 1302 532 1366; x_wconf 88' lang='lat' dir='ltr'><strong>magicas</strong></span> <span class='ocrx_word' id='word_1_20' title='bbox 556 1312 699 1363; x_wconf 88' lang='lat' dir='ltr'><strong>artes,</strong></span> <span class='ocrx_word' id='word_1_21' title='bbox 727 1302 866 1366; x_wconf 86' lang='lat' dir='ltr'>queis</span> <span class='ocrx_word' id='word_1_22' title='bbox 892 1303 966 1351; x_wconf 89' lang='lat' dir='ltr'><strong>sol</strong></span> <span class='ocrx_word' id='word_1_23' title='bbox 993 1312 1041 1351; x_wconf 89' lang='lat' dir='ltr'><strong>et</strong></span> <span class='ocrx_word' id='word_1_24' title='bbox 1065 1302 1227 1352; x_wconf 90' lang='lat' dir='ltr'><strong>sidera</strong></span> <span class='ocrx_word' id='word_1_25' title='bbox 1251 1314 1439 1367; x_wconf 88' lang='lat' dir='ltr'><strong>parent,</strong></span> 
     </span>
     <span class='ocr_line' id='line_1_6' title="bbox 226 1385 1499 1449; baseline 0.002 -16"><span class='ocrx_word' id='word_1_26' title='bbox 226 1385 397 1435; x_wconf 89' lang='lat' dir='ltr'><strong>Vincit</strong></span> <span class='ocrx_word' id='word_1_27' title='bbox 419 1387 590 1446; x_wconf 88' lang='lat' dir='ltr'><strong>Amor,</strong></span> <span class='ocrx_word' id='word_1_28' title='bbox 616 1385 796 1435; x_wconf 90' lang='lat' dir='ltr'><strong>misero</strong></span> <span class='ocrx_word' id='word_1_29' title='bbox 822 1385 1035 1448; x_wconf 87' lang='lat' dir='ltr'><strong>trepidat</strong></span> <span class='ocrx_word' id='word_1_30' title='bbox 1059 1385 1144 1449; x_wconf 92' lang='lat' dir='ltr'><strong>qui</strong></span> <span class='ocrx_word' id='word_1_31' title='bbox 1169 1402 1301 1449; x_wconf 90' lang='lat' dir='ltr'><strong>saepe</strong></span> <span class='ocrx_word' id='word_1_32' title='bbox 1326 1388 1499 1436; x_wconf 90' lang='lat' dir='ltr'><strong>dolore</strong></span> 
     </span>
     <span class='ocr_line' id='line_1_7' title="bbox 230 1467 1552 1531; baseline 0.002 -15"><span class='ocrx_word' id='word_1_33' title='bbox 230 1467 468 1518; x_wconf 87' lang='lat' dir='ltr'><strong>Femineo</strong></span> <span class='ocrx_word' id='word_1_34' title='bbox 494 1477 543 1517; x_wconf 86' lang='lat' dir='ltr'><strong>et</strong></span> <span class='ocrx_word' id='word_1_35' title='bbox 568 1467 788 1530; x_wconf 88' lang='lat' dir='ltr'><strong>proprias</strong></span> <span class='ocrx_word' id='word_1_36' title='bbox 813 1467 1083 1530; x_wconf 77' lang='lat' dir='ltr'><strong>praesertim</strong></span> <span class='ocrx_word' id='word_1_37' title='bbox 1107 1467 1159 1515; x_wconf 91' lang='lat' dir='ltr'><strong>in</strong></span> <span class='ocrx_word' id='word_1_38' title='bbox 1182 1478 1384 1531; x_wconf 85' lang='lat' dir='ltr'><strong>pectore</strong></span> <span class='ocrx_word' id='word_1_39' title='bbox 1410 1470 1552 1518; x_wconf 90' lang='lat' dir='ltr'><strong>sedes</strong></span> 
     </span>
     <span class='ocr_line' id='line_1_8' title="bbox 228 1549 1401 1602; baseline -0.003 0"><span class='ocrx_word' id='word_1_40' title='bbox 228 1550 470 1602; x_wconf 87' lang='lat' dir='ltr'><strong>Obtinuit.</strong></span> <span class='ocrx_word' id='word_1_41' title='bbox 544 1550 630 1599; x_wconf 91' lang='lat' dir='ltr'><strong>Sin</strong></span> <span class='ocrx_word' id='word_1_42' title='bbox 655 1550 723 1598; x_wconf 89' lang='lat' dir='ltr'><strong>ire</strong></span> <span class='ocrx_word' id='word_1_43' title='bbox 748 1559 916 1598; x_wconf 88' lang='lat' dir='ltr'><strong>tamen</strong></span> <span class='ocrx_word' id='word_1_44' title='bbox 940 1549 1030 1598; x_wconf 91' lang='lat' dir='ltr'><strong>tibi</strong></span> <span class='ocrx_word' id='word_1_45' title='bbox 1053 1551 1151 1598; x_wconf 87' lang='lat' dir='ltr'><strong>fixa</strong></span> <span class='ocrx_word' id='word_1_46' title='bbox 1173 1551 1401 1599; x_wconf 88' lang='lat' dir='ltr'><strong>voluntas</strong></span> 
     </span>
     <span class='ocr_line' id='line_1_9' title="bbox 229 1632 1653 1695; baseline 0 -13"><span class='ocrx_word' id='word_1_47' title='bbox 229 1632 675 1695; x_wconf 90' lang='lat' dir='ltr'><strong>Adsequor.—Ille</strong></span> <span class='ocrx_word' id='word_1_48' title='bbox 716 1640 882 1680; x_wconf 86' lang='lat' dir='ltr'><strong>autem</strong></span> <span class='ocrx_word' id='word_1_49' title='bbox 932 1634 1141 1680; x_wconf 86' lang='lat' dir='ltr'><strong>“taceas</strong></span> <span class='ocrx_word' id='word_1_50' title='bbox 1162 1632 1203 1692; x_wconf 86' lang='lat'><strong>;”</strong></span> <span class='ocrx_word' id='word_1_51' title='bbox 1264 1648 1413 1694; x_wconf 87' lang='lat' dir='ltr'><strong>quern</strong></span> <span class='ocrx_word' id='word_1_52' title='bbox 1472 1633 1653 1683; x_wconf 91' lang='lat' dir='ltr'><strong>deinde</strong></span> 
     </span>
     <span class='ocr_line' id='line_1_10' title="bbox 366 1715 588 1763; baseline -0.005 -2"><span class='ocrx_word' id='word_1_53' title='bbox 366 1715 588 1763; x_wconf 89' lang='lat' dir='ltr'><strong>locutum</strong></span> 
     </span>
     <span class='ocr_line' id='line_1_11' title="bbox 229 1793 1537 1860; baseline 0.001 -16"><span class='ocrx_word' id='word_1_54' title='bbox 229 1795 472 1860; x_wconf 89' lang='lat' dir='ltr'><strong>Adspicit,</strong></span> <span class='ocrx_word' id='word_1_55' title='bbox 501 1805 550 1844; x_wconf 91' lang='lat' dir='ltr'><strong>et</strong></span> <span class='ocrx_word' id='word_1_56' title='bbox 575 1794 724 1859; x_wconf 89' lang='lat' dir='ltr'><strong>surgit</strong></span> <span class='ocrx_word' id='word_1_57' title='bbox 749 1793 1014 1857; x_wconf 87' lang='lat' dir='ltr'><strong>tranquillo</strong></span> <span class='ocrx_word' id='word_1_58' title='bbox 1040 1794 1090 1842; x_wconf 94' lang='lat' dir='ltr'><strong>in</strong></span> <span class='ocrx_word' id='word_1_59' title='bbox 1115 1796 1266 1844; x_wconf 90' lang='lat' dir='ltr'><strong>corde</strong></span> <span class='ocrx_word' id='word_1_60' title='bbox 1292 1798 1537 1860; x_wconf 88' lang='lat' dir='ltr'><strong>voluptas,</strong></span> 
     </span>
     <span class='ocr_line' id='line_1_12' title="bbox 234 1877 1596 1941; baseline 0 -14"><span class='ocrx_word' id='word_1_61' title='bbox 234 1880 352 1927; x_wconf 92' lang='lat' dir='ltr'><strong>Non</strong></span> <span class='ocrx_word' id='word_1_62' title='bbox 372 1879 476 1941; x_wconf 89' lang='lat' dir='ltr'><strong>jam</strong></span> <span class='ocrx_word' id='word_1_63' title='bbox 502 1878 780 1940; x_wconf 89' lang='lat' dir='ltr'><strong>pallescunt</strong></span> <span class='ocrx_word' id='word_1_64' title='bbox 806 1892 898 1924; x_wconf 89' lang='lat' dir='ltr'><strong>ceu</strong></span> <span class='ocrx_word' id='word_1_65' title='bbox 923 1877 1178 1939; x_wconf 88' lang='lat' dir='ltr'><strong>quondam</strong></span> <span class='ocrx_word' id='word_1_66' title='bbox 1203 1878 1370 1938; x_wconf 76' lang='lat' dir='ltr'><strong>labra3</strong></span> <span class='ocrx_word' id='word_1_67' title='bbox 1404 1878 1596 1927; x_wconf 88' lang='lat' dir='ltr'><strong>renidet</strong></span> 
     </span>
     <span class='ocr_line' id='line_1_13' title="bbox 234 1956 1533 2020; baseline -0.001 -11"><span class='ocrx_word' id='word_1_68' title='bbox 234 1964 328 2010; x_wconf 93' lang='lat' dir='ltr'><strong>Per</strong></span> <span class='ocrx_word' id='word_1_69' title='bbox 350 1958 528 2008; x_wconf 89' lang='lat' dir='ltr'><strong>faciem</strong></span> <span class='ocrx_word' id='word_1_70' title='bbox 552 1960 840 2020; x_wconf 88' lang='lat' dir='ltr'><strong>cultumque</strong></span> <span class='ocrx_word' id='word_1_71' title='bbox 865 1956 954 2005; x_wconf 92' lang='lat' dir='ltr'><strong>viri</strong></span> <span class='ocrx_word' id='word_1_72' title='bbox 978 1974 1164 2020; x_wconf 91' lang='lat' dir='ltr'><strong>perque</strong></span> <span class='ocrx_word' id='word_1_73' title='bbox 1190 1974 1276 2006; x_wconf 91' lang='lat' dir='ltr'><strong>ora</strong></span> <span class='ocrx_word' id='word_1_74' title='bbox 1300 1970 1533 2008; x_wconf 87' lang='lat' dir='ltr'><strong>venustas</strong></span> 
     </span>
     <span class='ocr_line' id='line_1_14' title="bbox 236 2037 1490 2103; baseline -0.002 -12"><span class='ocrx_word' id='word_1_75' title='bbox 236 2043 416 2091; x_wconf 87' lang='lat' dir='ltr'><strong>Maesta</strong></span> <span class='ocrx_word' id='word_1_76' title='bbox 439 2039 643 2103; x_wconf 90' lang='lat' dir='ltr'><strong>quidem</strong></span> <span class='ocrx_word' id='word_1_77' title='bbox 670 2037 848 2102; x_wconf 85' lang='lat' dir='ltr'><strong>Elysiis</strong></span> <span class='ocrx_word' id='word_1_78' title='bbox 875 2047 1046 2087; x_wconf 85' lang='lat' dir='ltr'><strong>exorta</strong></span> <span class='ocrx_word' id='word_1_79' title='bbox 1070 2055 1096 2087; x_wconf 91' lang='lat' dir='ltr'><strong>e</strong></span> <span class='ocrx_word' id='word_1_80' title='bbox 1123 2039 1323 2088; x_wconf 91' lang='lat' dir='ltr'><strong>sedibus</strong></span> <span class='ocrx_word' id='word_1_81' title='bbox 1341 2059 1355 2101; x_wconf 88' lang='lat'>;</span> <span class='ocrx_word' id='word_1_82' title='bbox 1391 2041 1490 2089; x_wconf 90' lang='lat' dir='ltr'><strong>illic</strong></span> 
     </span>
     <span class='ocr_line' id='line_1_15' title="bbox 236 2120 1484 2181; baseline 0 -10"><span class='ocrx_word' id='word_1_83' title='bbox 236 2125 345 2173; x_wconf 87' lang='lat' dir='ltr'><strong>Nec</strong></span> <span class='ocrx_word' id='word_1_84' title='bbox 370 2121 530 2172; x_wconf 89' lang='lat' dir='ltr'><strong>tristes</strong></span> <span class='ocrx_word' id='word_1_85' title='bbox 554 2120 748 2181; x_wconf 79' lang='lat' dir='ltr'><strong>animae,</strong></span> <span class='ocrx_word' id='word_1_86' title='bbox 776 2136 870 2169; x_wconf 92' lang='lat' dir='ltr'><strong>nec</strong></span> <span class='ocrx_word' id='word_1_87' title='bbox 894 2121 1046 2168; x_wconf 89' lang='lat' dir='ltr'><strong>corda</strong></span> <span class='ocrx_word' id='word_1_88' title='bbox 1069 2121 1225 2175; x_wconf 88' lang='lat' dir='ltr'><strong>oblita</strong></span> <span class='ocrx_word' id='word_1_89' title='bbox 1248 2122 1484 2171; x_wconf 89' lang='lat' dir='ltr'><strong>laborum.</strong></span> 
     </span>
     <span class='ocr_line' id='line_1_16' title="bbox 239 2201 1442 2266; baseline 0.001 -13"><span class='ocrx_word' id='word_1_90' title='bbox 239 2205 349 2253; x_wconf 93' lang='lat' dir='ltr'><strong>Nec</strong></span> <span class='ocrx_word' id='word_1_91' title='bbox 373 2203 542 2263; x_wconf 89' lang='lat' dir='ltr'><strong>tacuit,</strong></span> <span class='ocrx_word' id='word_1_92' title='bbox 570 2203 742 2266; x_wconf 88' lang='lat' dir='ltr'><strong>quales</strong></span> <span class='ocrx_word' id='word_1_93' title='bbox 767 2201 1039 2250; x_wconf 88' lang='lat' dir='ltr'><strong>animarum</strong></span> <span class='ocrx_word' id='word_1_94' title='bbox 1065 2212 1224 2252; x_wconf 88' lang='lat' dir='ltr'><strong>coetus</strong></span> <span class='ocrx_word' id='word_1_95' title='bbox 1249 2220 1442 2254; x_wconf 88' lang='lat' dir='ltr'><strong>amores</strong></span> 
     </span>
     <span class='ocr_line' id='line_1_17' title="bbox 236 2284 1393 2349; baseline 0 -14"><span class='ocrx_word' id='word_1_96' title='bbox 236 2286 407 2346; x_wconf 86' lang='lat' dir='ltr'><strong>Sentit,</strong></span> <span class='ocrx_word' id='word_1_97' title='bbox 434 2285 520 2334; x_wconf 91' lang='lat' dir='ltr'><strong>ubi</strong></span> <span class='ocrx_word' id='word_1_98' title='bbox 543 2301 693 2349; x_wconf 90' lang='lat' dir='ltr'><strong>puros</strong></span> <span class='ocrx_word' id='word_1_99' title='bbox 719 2294 853 2333; x_wconf 88' lang='lat' dir='ltr'><strong>certo</strong></span> <span class='ocrx_word' id='word_1_100' title='bbox 879 2284 1001 2347; x_wconf 89' lang='lat' dir='ltr'><strong>regit</strong></span> <span class='ocrx_word' id='word_1_101' title='bbox 1026 2284 1198 2334; x_wconf 90' lang='lat' dir='ltr'><strong>ordine</strong></span> <span class='ocrx_word' id='word_1_102' title='bbox 1225 2302 1393 2335; x_wconf 88' lang='lat' dir='ltr'><strong>cursus</strong></span> 
     </span>
     <span class='ocr_line' id='line_1_18' title="bbox 242 2365 1375 2430; baseline 0.001 -14"><span class='ocrx_word' id='word_1_103' title='bbox 242 2366 414 2416; x_wconf 90' lang='lat' dir='ltr'><strong>Purior</strong></span> <span class='ocrx_word' id='word_1_104' title='bbox 434 2382 592 2430; x_wconf 90' lang='lat' dir='ltr'><strong>usque</strong></span> <span class='ocrx_word' id='word_1_105' title='bbox 617 2365 722 2415; x_wconf 91' lang='lat' dir='ltr'><strong>dies</strong></span> <span class='ocrx_word' id='word_1_106' title='bbox 742 2383 755 2426; x_wconf 80' lang='lat'>3</span> <span class='ocrx_word' id='word_1_107' title='bbox 790 2365 899 2415; x_wconf 89' lang='lat' dir='ltr'><strong>lites</strong></span> <span class='ocrx_word' id='word_1_108' title='bbox 924 2367 1102 2429; x_wconf 88' lang='lat' dir='ltr'><strong>fugere,</strong></span> <span class='ocrx_word' id='word_1_109' title='bbox 1131 2366 1375 2430; x_wconf 91' lang='lat' dir='ltr'><strong>timorque</strong></span> 
     </span>
     <span class='ocr_line' id='line_1_19' title="bbox 244 2447 1314 2509; baseline 0.001 -12"><span class='ocrx_word' id='word_1_110' title='bbox 244 2449 452 2509; x_wconf 81' lang='lat' dir='ltr'><strong>Exulat3</strong></span> <span class='ocrx_word' id='word_1_111' title='bbox 487 2457 687 2496; x_wconf 85' lang='lat' dir='ltr'><strong>exactos</strong></span> <span class='ocrx_word' id='word_1_112' title='bbox 711 2463 860 2496; x_wconf 89' lang='lat' dir='ltr'><strong>nemo</strong></span> <span class='ocrx_word' id='word_1_113' title='bbox 885 2447 1133 2497; x_wconf 84' lang='lat' dir='ltr'><strong>desiderat</strong></span> <span class='ocrx_word' id='word_1_114' title='bbox 1156 2465 1314 2498; x_wconf 87' lang='lat' dir='ltr'><strong>annos</strong></span> 
     </span>
     <span class='ocr_line' id='line_1_20' title="bbox 242 2528 1350 2590; baseline 0.002 -13"><span class='ocrx_word' id='word_1_115' title='bbox 242 2532 552 2579; x_wconf 87' lang='lat' dir='ltr'><strong>Venturosve</strong></span> <span class='ocrx_word' id='word_1_116' title='bbox 577 2528 718 2578; x_wconf 91' lang='lat' dir='ltr'><strong>timet</strong></span> <span class='ocrx_word' id='word_1_117' title='bbox 732 2547 746 2590; x_wconf 83' lang='lat'><em>3</em></span> <span class='ocrx_word' id='word_1_118' title='bbox 784 2545 983 2578; x_wconf 90' lang='lat' dir='ltr'><strong>necnon</strong></span> <span class='ocrx_word' id='word_1_119' title='bbox 1007 2529 1207 2578; x_wconf 89' lang='lat' dir='ltr'><strong>heroica</strong></span> <span class='ocrx_word' id='word_1_120' title='bbox 1232 2530 1350 2579; x_wconf 91' lang='lat' dir='ltr'><strong>dicit</strong></span> 
     </span>
     <span class='ocr_line' id='line_1_21' title="bbox 246 2609 1442 2672; baseline -0.002 -11"><span class='ocrx_word' id='word_1_121' title='bbox 246 2614 308 2661; x_wconf 92' lang='lat' dir='ltr'><strong>Et</strong></span> <span class='ocrx_word' id='word_1_122' title='bbox 334 2610 508 2672; x_wconf 89' lang='lat' dir='ltr'><strong>studia,</strong></span> <span class='ocrx_word' id='word_1_123' title='bbox 535 2620 584 2659; x_wconf 90' lang='lat' dir='ltr'><strong>et</strong></span> <span class='ocrx_word' id='word_1_124' title='bbox 609 2609 783 2659; x_wconf 89' lang='lat' dir='ltr'><strong>melius</strong></span> <span class='ocrx_word' id='word_1_125' title='bbox 807 2627 970 2660; x_wconf 89' lang='lat' dir='ltr'><strong>versas</strong></span> <span class='ocrx_word' id='word_1_126' title='bbox 996 2611 1062 2659; x_wconf 89' lang='lat' dir='ltr'><strong>ad</strong></span> <span class='ocrx_word' id='word_1_127' title='bbox 1087 2611 1212 2660; x_wconf 89' lang='lat' dir='ltr'><strong>seria</strong></span> <span class='ocrx_word' id='word_1_128' title='bbox 1236 2620 1442 2671; x_wconf 88' lang='lat' dir='ltr'><strong>mentes,</strong></span> 
     </span>
     <span class='ocr_line' id='line_1_22' title="bbox 246 2691 1470 2756; baseline -0.002 -14"><span class='ocrx_word' id='word_1_129' title='bbox 246 2694 384 2756; x_wconf 89' lang='lat' dir='ltr'><strong>Quas</strong></span> <span class='ocrx_word' id='word_1_130' title='bbox 409 2707 553 2756; x_wconf 86' lang='lat' dir='ltr'><strong>mage</strong></span> <span class='ocrx_word' id='word_1_131' title='bbox 579 2692 852 2741; x_wconf 90' lang='lat' dir='ltr'><strong>concordes</strong></span> <span class='ocrx_word' id='word_1_132' title='bbox 877 2691 1103 2742; x_wconf 85' lang='lat' dir='ltr'><strong>subtilior</strong></span> <span class='ocrx_word' id='word_1_133' title='bbox 1126 2692 1309 2755; x_wconf 85' lang='lat' dir='ltr'><strong>adligat</strong></span> <span class='ocrx_word' id='word_1_134' title='bbox 1335 2693 1470 2741; x_wconf 92' lang='lat' dir='ltr'><strong>ordo.</strong></span> 
     </span>
    </p>
   </div>
  </div>
 </body>
</html>
