2028 3230
445 231 676 276 NlCOLAI,
717 231 999 267 RUSSORUM
1038 231 1204 277 REGIS,
1243 231 1445 266 OBITUS.
1565 230 1663 281 445

244 353 427 414 Turba,
481 351 644 402 “Tibi
681 353 961 412 aeternam,”
1001 353 1196 413 clamat,
1250 352 1416 401 “dent
1462 351 1666 400 numina

413 450 568 494 acem,

212 576 213 579 Ἴ
243 451 608 578 AEterlrlumque
631 516 740 564 vale
765 515 808 563 !''
878 516 1056 564 Valeat
1078 519 1086 564 1
1122 532 1254 564 nunc
1279 517 1480 578 parvula
1504 515 1627 564 tanti

245 596 398 658 Quod
422 605 643 660 superest
667 596 788 660 tegit
820 600 973 645 urna!
1009 597 1095 646 ubi
1120 614 1254 646 nunc
1278 598 1445 657 decus,
1473 605 1557 645 aut
1583 596 1664 644 ubi

376 679 544 727 fama?

245 757 469 822 Deperiit
494 758 826 822 sane—periit
851 775 999 822 quem
1024 758 1239 808 maxima
1263 761 1418 819 turba,

244 839 408 901 Quem
446 839 660 888 lacrimae
699 841 763 889 ad
803 842 1046 889 tumulum
1086 849 1134 890 et
1171 840 1376 904 suspiria
1411 842 1559 904 longa
1595 857 1665 889 se—

375 930 491 970 cuta
507 939 521 982 ;
559 959 561 963 Α

242 1002 391 1051 Illum
414 1003 597 1052 multus
621 1003 782 1052 honos
807 1003 1082 1066 ingensque
1106 1004 1171 1052 ad
1196 1002 1357 1052 sidera
1380 1005 1540 1065 luctus

242 1084 455 1133 Mandat
496 1084 664 1145 humo,
709 1085 994 1148 clamorque
1042 1084 1199 1133 virum
1248 1086 1548 1148 clangorque
1595 1094 1665 1132 tu-

374 1167 560 1215 barum.

242 1247 402 1312 Longi
426 1256 720 1311 praetereant
744 1248 862 1296 anni
882 1249 1101 1296 l-—Num
1127 1249 1308 1296 saecula
1331 1249 1475 1295 famae

243 1327 381 1377 Illius
405 1329 506 1381 ulla
529 1330 687 1378 ferent
712 1329 897 1378 oblivia
921 1330 1086 1378 dulcia
1110 1331 1282 1378 durae?

241 1413 375 1460 Num
400 1410 550 1460 vidua
573 1428 603 1459 a
629 1411 856 1471 lacrimis,
884 1429 1002 1460 num
1028 1412 1223 1461 desinet
1250 1413 1373 1461 orba
1398 1410 1663 1474 querellis?

241 1495 343 1544 Hei
367 1495 489 1543 mihi
509 1497 518 1543 Ξ
555 1497 746 1545 famoso
771 1495 967 1559 rapiunt
992 1505 1040 1545 te
1067 1496 1248 1545 saecula
1272 1512 1430 1553 cursu,

240 1579 305 1626 Et
328 1579 368 1625 F
370 1576 487 1625 uriae
511 1585 749 1640 tanquam
773 1586 881 1626 toto
907 1586 1157 1626 sectantur
1180 1576 1230 1624 in
1256 1578 1387 1625 orbe.

240 1658 366 1720 Quis
391 1667 440 1708 te
463 1675 585 1722 gens
609 1658 867 1707 hominum
893 1658 1113 1721 sequitur
1136 1658 1468 1721 precibusque
1493 1657 1662 1720 fatigat

239 1739 500 1789 Caelicolas
526 1739 642 1788 diris
657 1742 944 1789 ?—aeternae
969 1738 1153 1788 oblivia
1178 1739 1362 1788 Lethes

238 1821 579 1870 Anteferenda
602 1822 792 1870 forent!
867 1825 895 1846 “
912 1822 1182 1884 Semperne
1206 1820 1391 1883 inpune
1417 1819 1645 1869 sinebant

190 1950 193 1952 ,
240 1902 430 1952 Fallere
457 1911 505 1951 et
529 1902 809 1952 inmeritam
834 1904 1128 1966 perfundere
1154 1902 1390 1966 sanguine
1416 1911 1592 1950 terram

239 1985 507 2034 Infandum
531 1985 701 2048 Superi
722 1985 1078 2049 ?—periistine‚
1106 1985 1329 2049 inprobe,
1356 1985 1557 2034 demum
1572 1987 1594 2032 Ρ

240 2065 461 2115 Ultimus
485 2083 517 2116 o
541 2066 730 2115 utinam
755 2067 981 2130 periisses
1006 2068 1133 2116 filius
1159 2066 1276 2117 Orci
1297 2068 1339 2116 !'’

240 2145 359 2196 Vidi
383 2163 476 2210 ego
493 2148 990 2211 Caucasias*-petere
1016 2148 1212 2212 agmina
1237 2150 1385 2212 longa
1403 2149 1659 2197 columnas

239 2228 304 2275 Et
326 2243 458 2277 nova
481 2227 687 2278 devictis
713 2230 977 2278 succedere
1002 2245 1210 2292 corpora
1234 2228 1403 2278 turmis
1425 2248 1434 2278 :

242 2307 368 2369 Quae
392 2309 551 2358 rabies
575 2318 676 2358 tam
701 2310 807 2359 dira
830 2311 1139 2374 tulit,——quae
1164 2310 1356 2359 insania
1378 2319 1595 2359 mentem

239 2390 405 2438 Tanta
429 2398 563 2439 tuam
587 2393 747 2455 rapuit
762 2396 993 2442 ?-vasto
1018 2393 1340 2457 pinguescere
1365 2407 1567 2453 campos

241 2472 434 2520 Funere
458 2471 810 2536 nequidquam,
840 2484 890 2523 et
914 2474 1194 2523 miseranda
1218 2474 1355 2521 caede
1381 2472 1605 2530 virorum,

239 2552 319 2600 Tu
344 2551 468 2600 tanti
493 2553 688 2602 sceleris
714 2563 767 2603 tu
792 2556 925 2604 solus
950 2573 1098 2604 causa
1122 2554 1264 2603 fuisti.
1561 2552 1565 2557 ’

293 2699 440 2804 *6The
463 2700 574 2752 Pylae
590 2700 800 2742 Caucasiae
820 2716 875 2742 on
894 2704 965 2744 the
983 2710 1097 2756 great
1118 2703 1218 2742 road
1240 2679 1393 2741 Dariel.
1430 2715 1464 2740 ν.
1490 2701 1654 2751 Mayne,

238 2778 278 2817 p.
303 2775 330 2814 4
358 2795 368 2805 .
