2028 3230
976 286 980 290 ⁴
1023 265 1113 328 158

517 887 892 958 PINDAR,
946 887 1216 947 PYTH.
1271 887 1412 958 IX.,
1467 906 1623 966 1—70.

473 1100 518 1157 *“
533 1098 743 1151 Quicquid
763 1111 880 1138 amor
895 1098 1015 1150 jussit
1036 1111 1120 1138 non
1140 1105 1200 1138 est
1222 1105 1486 1139 contemnere
1504 1105 1638 1139 tutum
1655 1114 1667 1148 3

559 1167 736 1218 Regnat,
762 1173 802 1206 et
823 1167 866 1205 in
886 1168 1079 1206 dominos
1094 1167 1162 1219 jus
1180 1167 1306 1207 habet
1326 1167 1396 1207 ille
1416 1167 1575 1208 De'os.”

1658 1235 1775 1276 ovid.

490 1418 773 1465 VICTOREM
800 1418 1000 1467 celebro
1026 1434 1174 1480 quem
1200 1417 1312 1466 tulit
1336 1418 1474 1468 arida

492 1499 745 1545 Battorum
769 1501 897 1559 urbs,
926 1499 1120 1547 titulum
1146 1499 1224 1547 cui
1250 1499 1388 1549 dedit
1414 1499 1634 1563 Hypsias

492 1580 686 1627 Phoebo
710 1581 841 1627 clara
864 1597 1032 1642 proco⁷
1059 1589 1274 1643 nataque
1295 1580 1418 1629 Pelii

763 1660 884 1709 Imis
908 1663 1128 1724 nympha
1150 1661 1456 1710 recessibus:

493 1741 643 1788 Hanc
668 1741 786 1789 olim
810 1758 840 1789 a
863 1741 1032 1804 patriis
1058 1742 1258 1790 sedibus
1282 1741 1484 1790 abstulit

492 1822 653 1869 Velox
677 1822 914 1887 cornigeri
939 1839 1105 1871 currus
1127 1822 1388 1885 Apollinis,

495 1901 654 1949 Dulce
678 1903 742 1950 ad
760 1902 1034 1954 ‚conubium
1053 1922 1063 1951 :
1099 1919 1193 1951 nec
1217 1905 1388 1952 Venus
1411 1903 1579 1963 abfuit,

762 1985 872 2031 Nec
895 1993 1060 2046 gratus
1083 1983 1265 2032 Veneri
1288 1984 1460 2046 pudor.

495 2064 619 2110 Mox
643 2071 791 2111 terras
816 2064 950 2124 alias,
979 2073 1027 2112 et
1049 2064 1256 2126 patriam
1279 2080 1461 2113 novam

493 2142 716 2205 Accepit,
744 2143 913 2207 Libyae
938 2144 1106 2192 fertilis
1129 2144 1294 2193 incola

496 2225 623 2284 Qua,
650 2224 786 2272 dives
811 2225 971 2285 tritici,
998 2227 1099 2273 lata
1120 2241 1290 2288 greges
1314 2226 1450 2274 fovet

763 2306 933 2354 Tellus
955 2305 1334 2354 innumerabiles
1357 2324 1367 2354 :

497 2384 577 2432 Illi
599 2384 840 2433 femineus
864 2385 1113 2448 displicuit
1137 2386 1290 2445 labor,

498 2468 562 2514 Et
586 2466 802 2514 distenta
827 2467 939 2514 colo
963 2468 1046 2514 fila
1068 2466 1289 2526 volubili,

498 2549 631 2595 Raro
654 2545 923 2609 virginibus
946 2563 1059 2594 cum
1085 2546 1232 2595 sociis
1256 2548 1416 2595 levem

764 2629 805 2675 F
805 2628 986 2675 allebat
1011 2627 1220 2690 dapibus
1244 2627 1375 2676 diem
1400 2646 1411 2677 :

497 2709 595 2757 Sed
619 2707 752 2756 duris
772 2708 948 2770 jaculis
971 2707 1227 2756 horribiles
1251 2709 1376 2756 feras

497 2791 736 2849 Vexabat,
763 2788 928 2851 gladio
953 2788 1177 2837 cominus
1199 2788 1465 2851 insequens
1485 2806 1501 2849 3

1402 3022 1422 3045 S
