2028 3230
699 245 877 282 GREEK
915 246 1142 281 IAMBICS.
1538 248 1626 292 241

212 368 312 424 κάν
335 371 407 442 ‘regi‘
432 366 648 439 μεταξὺ,
674 367 805 440 πρίν
830 366 882 420 σ’
909 364 1198 438 ἐὙερθῆναι,
1226 363 1419 438 χρόνῳ,

209 451 505 508 ἐπιστολὰς
529 450 631 518 ἐγὼ
654 449 752 519 μὲν
776 448 1064 516 ἐκπέμπων
1087 449 1250 501 πόσει

209 537 286 608 τῷ
311 537 393 607 σῷ
417 533 611 602 διδάξω
636 530 796 586 πάνθ’
822 531 858 585 ἃ
880 530 1260 604 μηχανώμεθα·

210 622 376 677 κεῖνος
400 614 442 671 δ’
469 615 711 671 ἐπελθὼν
737 614 885 686 δεῦρό
913 636 1000 667 σοι
1026 613 1174 683 κὰτγὼ
1198 613 1374 683 τάφου

211 703 447 772 φύλακες
471 702 725 768 μενοῦμεν
749 696 801 755 ἔς
826 696 870 751 τ’
899 697 965 750 ἂν
989 696 1299 765 ἀμπνεύσῃς
1324 697 1509 751 πάλιν·

211 783 379 837 σώσει
403 805 461 836 τε
484 780 652 851 ταύτῃ
677 780 830 835 νυκτί
850 778 901 832 σ’
929 780 1087 836 αὐτὸς
1113 778 1350 832 ἐκποδὼν

210 866 284 925 εἰς
310 866 586 928 Μαντύαν,
614 863 704 917 καὶ
728 859 870 917 τοῦτ’
896 862 1206 930 ἀπαλλάξει
1231 861 1283 914 σ’
1310 862 1422 928 ἅμα

211 953 378 1004 κακοῦ
402 947 446 1003 τ’
474 947 700 1004 ὀνείδους
723 946 813 1001 καὶ
836 946 1024 1015 «γάμων
1049 944 1390 1019 ἀσχημόνων,

211 1031 278 1101 ἢν
301 1032 377 1101 μή
401 1054 463 1100 *γε
487 1034 681 1103 κοῦφος
708 1029 869 1096 θυμὸς
894 1029 927 1098 ἢ
955 1027 1290 1099 θηλυκρατὴς

214 1115 387 1186 φόβος
412 1137 477 1169 σε
502 1115 731 1185 θάρσους
756 1112 909 1168 τοῦδε
934 1112 1146 1183 δρῶσαν
1171 1110 1415 1183 ἐκτρέπῃ.

290 1282 436 1334 ΙΟΤ.
476 1279 582 1338 Δός
605 1302 698 1349 μοι
722 1279 782 1333 τὸ
806 1281 983 1345 πῶμα·
1010 1276 1083 1346 μὴ
1104 1276 1308 1348 φόβους
1331 1276 1488 1347 λέξῃς
1509 1277 1639 1346 ἐμοί.

289 1449 459 1502 ΛΑΤ.
499 1445 687 1512 Μηδὲν
710 1444 849 1516 πέρα
872 1442 1004 1512 λέγ’,
1034 1444 1251 1511 ἐξιοῦσα
1277 1442 1318 1496 δ’
1347 1443 1534 1510 ἔμμενε

215 1531 477 1595 βουλαῖσι
501 1529 731 1590 ταύταις,
759 1529 1062 1599 εὐτυχοῦσα
1087 1525 1130 1578 δ’
1157 1525 1419 1597 ἐκφύγοις·

217 1613 322 1685 ἐνγὼ
347 1613 390 1667 δ’
415 1612 496 1683 ἄρ’
523 1611 680 1669 αὐτὸς
705 1611 774 1668 ὡς
798 1610 1041 1682 τάχιστα
1065 1607 1386 1679 πρόσπολον

217 1699 424 1771 πέμψω
450 1695 563 1750 τάδ’
590 1695 922 1764 ι’νγνγελοῦντα
947 1694 1022 1763 τῷ
1048 1692 1336 1763 ξυνευνέτῃ.

293 1866 441 1919 ΙΟΤ.
472 1861 662 1933 ”Ερως,
689 1859 774 1918 δὸς
801 1856 962 1932 ἰσχὺν
987 1855 1147 1911 τῶνδέ
1170 1878 1262 1922 μοι
1288 1859 1600 1931 πειρωμένῃ,

223 1947 379 2022 ἰσχύς
404 1945 449 2002 τ’
477 1944 671 2018 ἀρήξει·
710 1943 866 2018 χαῖρέ
890 1962 997 2011 μοι,
1025 1940 1195 2011 πατὲρ
1222 1939 1364 2010 φίλε.

1241 2110 1307 2158 H.
1338 2111 1399 2173 J.,
1437 2111 1571 2174 1857.
