2028 3230
673 253 849 286 GREEK
888 250 1110 284 1AMmcs.
1511 244 1605 296 357

187 377 387 448 τριχῶν
412 397 470 429 τε
495 375 756 427 πλεκτῶν·
796 373 828 438 ἡ
854 371 950 438 μὲν
975 371 1042 426 ὡς
1071 371 1150 422 ἴου
1174 368 1336 436 «γέμει,

189 457 410 526 θνητούς
434 480 492 511 τε
514 455 690 528 λυγρὰ
716 452 865 508 τῶνδ’
893 454 996 524 ἀρὰ
1023 451 1356 506 καταιθαλοῖ.

185 540 332 597 ταῦτ’
359 542 451 597 οὖν
475 542 618 597 ὅπως
643 538 714 591 σὺ
739 537 1040 610 φασμάτων
1066 535 1275 603 πλήρης
1302 536 1476 586 κακῶν

184 624 259 694 μή
283 647 376 694 μοι
401 622 672 690 ποθήσεις·
712 620 1002 684 σβέννυται
1028 618 1132 687 «γὰρ
1160 617 1214 671 ἐν
1238 616 1413 688 χρόνῳ

184 708 312 780 ἔρως
336 708 582 777 ἄμαυρος·
620 703 744 758 ἀλλ’
773 703 799 756 ό
824 703 1124 770 βοσκήσας,
1153 701 1247 756 ἕως

183 793 312 847 ὅλον
334 791 530 858 μιαίνει
554 790 646 844 τὸν
668 788 793 854 βίον
819 791 982 854 κῆλις,
1011 784 1177 839 καλὸν

185 872 392 940 σώζοιτ’
418 875 486 928 ἂν
510 872 672 934 οὐδὲν,
701 871 820 926 οὐδὲ
845 867 1154 941 προσπέσοι
1177 866 1303 930 ,Βίου

183 955 311 1023 ἡδὺν
336 961 510 1026 σοφοῦ
535 952 804 1024 καμπτῆρ’
832 954 912 1014 ἂν,
940 954 1008 1010 ὡς
1033 949 1340 1025 «γεραίτεροι,

182 1039 302 1093 ὅσοι
326 1038 375 1107 «γ’
402 1039 622 1109 ἄμωμον
648 1038 705 1091 εὖ
730 1039 1074 1092 τελευτῶντες
1101 1030 1247 1089 θεοὺς

181 1121 436 1195 ἔτερψαν,
466 1122 594 1192 ἔρτγα
620 1119 841 1192 δρῶντες
867 1117 1128 1191 αἰσχύνης
1154 1115 1276 1169 ἄνευ

182 1204 362 1276 φόβου
386 1203 430 1257 τ’
458 1201 747 1271 ἀείμνηστ’,
775 1203 830 1256 ἐν
856 1201 911 1255 δὲ
936 1203 1107 1254 πᾶσιν
1132 1195 1258 1251 ὥστ’
1289 1195 1413 1250 ἰδεῖν

183 1287 426 1341 εὔκλειαν
452 1287 746 1352 ἐκτήσαντο
772 1283 1014 1338 κᾶδωκαν
1039 1279 1191 1337 κλέος

184 1369 502 1443 θρεπτήριον
525 1372 594 1438 «γῇ
621 1368 710 1422 καὶ
736 1367 860 1438 φάει
886 1366 1185 1438 φυταλμίῳ,

182 1453 272 1506 καὶ
297 1457 406 1511 τοῖς
433 1450 772 1518 ἐνοικήσασιν
797 1450 852 1502 ἐν
875 1450 1059 1520 πάτρα
1085 1446 1278 1517 φίλοις,

182 1536 346 1604 ξένοις
371 1557 429 1589 τε
454 1535 780 1605 τηλούροισι,
808 1529 1017 1597 κληδόν’
1046 1530 1232 1594 εὐμενῆ

183 1620 496 1691 σπείραντες
522 1620 577 1672 ἐν
601 1616 850 1672 τόποισιν
876 1615 962 1671 οὓς
989 1613 1185 1665 θάλπει
1213 1611 1371 1680 θέρος,

181 1703 215 1772 ἢ
236 1700 354 1770 κῦμ’
382 1702 596 1772 ὑβρίζον
621 1699 853 1770 ἀμπέχει
878 1693 1235 1769 περιρρύτους,

179 1787 379 1861 χώραις
405 1808 462 1839 τε
487 1782 876 1854 πολυάνδροισι
903 1779 1153 1850 κάβρότῳ
1179 1776 1371 1845 στίβῳ,

181 1870 339 1938 ξένων
364 1891 422 1922 τε
445 1867 726 1936 ’γλώσσαις
749 1863 843 1933 ξύν
870 1862 914 1916 θ’
943 1860 1266 1932 ὁμοσπόροις
1291 1858 1516 1929 Βροτῶν·

180 1957 345 2024 *γῆρας
371 1951 414 2006 δ’
440 1954 567 2004 ὅταν
590 1947 874 2003 λευκανθὲς
900 1945 1133 2016 ἔμφυτον
1156 1943 1282 2009 βίου

181 2039 271 2090 καὶ
295 2038 453 2104 μοῖρα
479 2032 794 2103 σεμνότιμος
819 2031 989 2099 ἐξαμᾷ
1015 2027 1211 2087 σθένος,

181 2117 242 2172 τό
270 2116 316 2172 θ’
343 2115 453 2181 αἷμ’
479 2117 745 2183 ἀπαντλῇ,
774 2113 862 2167 καὶ
888 2115 1057 2184 κορῶν
1082 2109 1247 2178 αὐὙὰς
1272 2109 1332 2162 τὸ
1358 2108 1484 2174 πρὶν

182 2199 418 2272 φαιδρῶν
444 2197 708 2267 σκοτώσῃ,
738 2195 889 2251 κῦδος
914 2196 1189 2266 ἄμβροτον
1215 2193 1334 2246 τότε

182 2282 473 2356 ὑπέρχεταί
497 2304 577 2335 νιν
603 2279 984 2335 ἐκλελοιπότας
1009 2277 1134 2343 βίον

182 2365 390 2434 εὔδοξον
416 2366 470 2418 ἐν
493 2368 568 2436 τῷ
595 2364 874 2418 κατθανεῖν
899 2361 1228 2431 ἐπιφθόνους·

181 2451 383 2522 ψυχῶν
409 2446 450 2500 δ’
477 2447 626 2518 ἕδρας
654 2447 883 2515 νέμουσι,
913 2443 1203 2516 τηλούρους
1230 2442 1456 2514 θρόνους,

182 2532 415 2601 ἄνγνωτος
442 2530 618 2594 οἴμους
642 2529 914 2599 τΕσπέρας
940 2528 1258 2597 ἀνευρέτους,

182 2616 268 2673 οὓς
293 2615 528 2685 ἀμπέχει
555 2613 814 2666 θάλασσα
834 2610 1068 2678 νηνέμοις
1093 2611 1251 2681 ῥοαῖς,

183 2699 317 2768 ὡγνῇ
344 2696 387 2750 τ’
416 2698 560 2763 ἄημα
587 2698 696 2748 πᾶν
722 2694 1028 2760 κεκοίμηται
1054 2692 1224 2766 χθονί·

184 2780 535 2849 λευκόπτερος
560 2776 663 2847 ’γὰρ
690 2777 749 2830 οὐ
777 2776 1042 2844 διηνέμους
1068 2775 1200 2846 χίων

804 2874 836 2906 Α
873 2877 902 2908 a
942 2876 967 2907 2
