2028 3230
637 256 797 291 LATIN
836 255 1095 292 ELEGIACS.
1490 255 1582 310 275

158 378 270 427 Nec
293 375 384 427 tibi
407 385 511 426 tam
533 385 698 441 gratos
722 377 879 426 oculis
901 379 1062 441 jurare
1087 379 1281 427 solebas

288 459 452 522 AEgea
474 449 754 522 longaevum
780 459 1152 523 Cecropiosque
1179 461 1341 508 Lares.

153 539 236 588 Ah
260 548 344 588 tua
367 542 478 589 vela
500 539 672 590 vident
697 540 908 590 errantia
932 540 1120 590 lumina
1144 560 1153 589 ε
1189 542 1364 590 fallunt

290 620 503 670 Lumina
527 638 640 670 cum
664 623 788 671 salso
813 622 1101 672 consociata
1124 639 1288 686 proco.

156 702 204 750 N
209 717 267 751 ec
290 701 412 750 mihi
435 711 485 751 te
509 704 712 752 tandem
736 703 979 767 precibus,
1010 706 1259 764 scelerate,
1287 704 1559 753 reducam?

288 783 453 833 Sicine
476 784 757 834 contemnis
781 784 987 833 numina
1007 787 1141 848 justa
1165 786 1355 835 deum?

157 866 342 915 Nonne
367 874 503 914 tuam
527 866 718 929 puduit,
746 867 967 929 conjunx
990 866 1239 915 carissime
1263 867 1478 927 Theseu,

291 947 573 1012 Conjugem
597 947 649 996 in
674 947 846 1011 ignoto
871 964 953 997 me
978 947 1224 1012 trepidare
1250 949 1396 997 solo?

153 1030 226 1078 Ut
250 1037 299 1077 te
324 1045 658 1092 prosequerer,
686 1038 831 1079 notas
857 1031 986 1079 feror
1010 1029 1162 1094 impia
1186 1031 1330 1079 sedes

288 1110 352 1158 Et
378 1111 577 1159 Cretam
601 1120 652 1161 et
677 1111 862 1175 patrios
888 1111 1162 1161 deseruisse
1188 1112 1340 1161 focos,

71 1211 74 1214 ⁴
152 1193 291 1255 Quas
315 1208 490 1242 noram
514 1193 689 1256 socias,
717 1196 905 1244 fueram
930 1194 1071 1258 queis
1096 1203 1231 1254 nota,
1260 1193 1504 1256 reliqui-—

289 1274 475 1324 Omnia
497 1291 587 1339 pro
611 1279 621 1325 !
658 1275 851 1326 miserae
876 1292 978 1324 non
1006 1275 1291 1326 revocanda
1316 1275 1446 1324 mihi.

151 1357 253 1406 Cur
275 1354 346 1404 ita
368 1356 565 1417 duxisti,
592 1374 657 1406 ne
681 1357 802 1421 quid
827 1359 1049 1406 solamen
1075 1358 1283 1415 adesset,

329 1438 409 1486 De
434 1437 592 1501 patria
615 1438 776 1498 caecis,
804 1438 1056 1498 insidiose,
1085 1437 1251 1488 dolis?

151 1513 262 1564 Illic
285 1515 440 1567 infido
463 1505 612 1583 gratis
636 1519 852 1584 fugiente
876 1519 1052 1569 marito

285 1598 488 1650 Risibus
515 1611 563 1651 et
586 1601 747 1651 verbis
773 1618 889 1650 cura
913 1603 1075 1651 levata
1099 1602 1237 1650 foret.

150 1678 260 1728 Illic
284 1682 836 1744 cognati—miserantia
860 1684 1012 1733 corda
1036 1683 1329 1731 dolorem-

286 1761 441 1831 Queis
467 1765 623 1813 fuerat
647 1764 859 1813 lacrimis
883 1763 1173 1813 illacrimare
1198 1763 1333 1813 meis,

151 1840 215 1889 Et
238 1841 446 1894 fortasse
470 1845 576 1895 dies
602 1848 773 1896 abluto
799 1857 996 1910 tempus
1019 1862 1188 1896 amore

293 1926 603 1978 Reddiderat
629 1929 771 1978 laetos
795 1927 1191 1991 inmemoresque
1217 1927 1300 1976 tui.

1076 2092 1130 2139 E.
1160 2092 1202 2154 J.
1235 2092 1321 2150 M.,
1364 2093 1497 2139 1860.
