2028 3230
661 243 838 279 GREEK
877 242 1102 278 IAMBICS.

175 363 327 435 κείσῃ
350 363 499 432 μόνη·
537 363 611 432 μή
637 364 726 417 σοι
750 361 943 436 τροφὸς
969 361 1264 431 ξυνευδέτω·

176 446 385 503 κᾶπειθ’
412 447 440 501 ὃ
464 439 576 518 τῇδ’
603 446 778 501 ἔνεστι
802 445 1019 516 ληκύθῳ
1045 445 1184 515 πίῃς,

126 526 130 530 ’
177 529 403 586 κλιθεῖσ’
430 533 486 586 ἐν
510 531 643 599 εὐνῇ,
671 529 953 602 φάρμακον
978 527 1312 601 δραστήριον·

176 613 395 686 τάχισθ’
421 612 655 687 ὑφέρψει
681 615 839 682 σῶμα
863 612 961 666 σὸν
986 610 1139 683 κρύος
1163 611 1326 666 κακὸν

176 698 340 756 ὕπνος
364 719 430 751 τε.
447 697 660 768 μακρός·
698 696 881 768 ῥεῖθρά
907 693 952 748 θ’
980 693 1201 764 αἵματος
1226 693 1312 748 διὰ

179 781 403 852 φλεβῶν
426 777 684 848 πεπηνγότ’
713 776 878 832 οὐκέτ’
906 779 973 832 αὖ
996 778 1264 850 ῥυήσεται·

179 863 241 918 οὔ
265 885 355 916 σοι
378 858 646 933 παρέσται
671 865 766 917 τοῦ
789 861 1017 927 βλέπειν
1042 860 1110 914 τὰ
1136 861 1401 929 ξύμβολα,

180 947 241 1000 οὐ
268 946 477 1005 θάλπος
502 946 621 1000 οὔτε
646 949 867 1013 πνεῦμα·
905 944 1008 1018 χαί
1029 943 1279 1014 παρηίδες

178 1028 341 1102 χείλη
366 1051 426 1083 τε
446 1033 535 1083 νῦν
560 1028 623 1095 δὴ
647 1029 897 1100 πορφύρα
921 1026 1086 1100 ῥόδων
1111 1027 1259 1093 δίκην

181 1111 389 1168 σποδοῦ
414 1111 562 1179 δίκην
585 1109 695 1166 τότ’
722 1109 875 1185 ῶχρα
898 1109 1335 1176 λευκανθήσεται·

181 1195 406 1258 κύκλων,
434 1194 498 1249 δι’
525 1194 699 1267 ὧνπερ
726 1195 908 1265 ἐξορᾷς
934 1195 1118 1263 ὥσπερ
1146 1192 1232 1246 διὰ

183 1278 417 1349 θυρίδων,
446 1280 688 1348 σκοτεινῇ
713 1276 969 1349 βλέφαρά
995 1299 1083 1330 σοι
1109 1277 1498 1346 ξυμβλήσεται,

184 1361 253 1420 ὡς
278 1361 472 1434 φέγγος
497 1359 662 1414 οὐκέθ’
689 1359 844 1428 ἡλίου
871 1358 1114 1428 θεωμένῃ·

183 1444 399 1498 ἅπαντά
423 1443 468 1497 τ’
496 1442 660 1515 ἄρθρ’,
688 1445 789 1516 οὐχ
815 1442 883 1500 ὡς
908 1441 968 1496 τὸ
993 1441 1122 1513 πρὶν
1146 1440 1394 1508 κατήκοα,

184 1527 369 1599 ὥσπερ
397 1526 658 1592 θανούσης
683 1525 896 1597 εἰσορᾶν
922 1526 1239 1596 φανήσεται,

185 1612 289 1684 οὐχ
313 1609 441 1681 ὕΎρ’,
468 1610 744 1678 ἅκαμπτα,
770 1606 967 1680 ψυχρὰ
992 1606 1081 1659 καὶ
1106 1605 1404 1674 πεπηνγότα·

186 1686 322 1749 οὕτω
347 1691 707 1758 καθευδήσεις,
729 1689 858 1759 μάλ’
886 1688 1214 1759 ἐξῃκασμένη

187 1777 351 1850 νεκρῷ
375 1775 570 1849 σχεδὸν
595 1773 670 1828 δύ’
698 1773 893 1845 ἡμέρας
917 1773 1251 1842 προκειμένη·

187 1859 418 1915 κᾶπειτα
442 1858 759 1928 κοιμηθεῖσα
783 1856 880 1922 τὴν
904 1856 1206 1910 ἀνάστασιν
1305 1919 1307 1921 ¹

188 1946 365 2015 ἡδεῖαν
389 1946 457 2005 ὡς
482 1947 541 2000 ἐκ
563 1945 846 2015 μαλθακοῦ
870 1942 1062 2009 στήσει
1085 1942 1295 2014 λέχους.

189 2028 264 2085 ὅτ’
293 2030 384 2085 οὖν
409 2027 436 2083 ὁ
461 2029 836 2098 μελλόνυμφος
863 2027 922 2094 ἐξ
945 2025 1161 2079 ἑωθινοῦ

190 2114 358 2168 ὕπνου
381 2111 736 2182 μεταστήσων
762 2109 813 2163 σ’
839 2109 1130 2170 ἐλεύσεται,
1156 2108 1299 2177 «γόοις

191 2200 418 2254 πολλοῖς
443 2195 686 2264 στενάξει
712 2193 779 2260 σ’,
809 2194 876 2251 ὡς
903 2191 995 2247 ἀπ’
1021 2192 1288 2261 ὀμμάτων,
1317 2191 1477 2245 νέκυν.

192 2279 440 2345 ἐντεῦθεν,
469 2280 593 2346 ἡμῖν
619 2279 686 2335 ὡς
711 2277 886 2330 πάλαι
912 2275 1188 2342 νομίζεται,

193 2362 487 2432 ἠσκημένον
513 2365 798 2415 στολαῖσιν
824 2360 1295 2430 εὐπρεπεστάταις,

194 2447 255 2500 οὐ
281 2446 567 2509 συσταλὲν,
595 2444 776 2510 κλίνης
802 2443 883 2497 ἐπ’
910 2443 1219 2514 ἀκαλυφοῦς
1244 2442 1401 2509 δέμας

195 2526 493 2597 ὁμαιμόνων
517 2529 649 2598 πρὸς
673 2528 880 2596 τύμβον
905 2525 1291 2594 ἐξοισθήσεται,

198 2611 468 2678 κευθμῶνα
493 2614 684 2681 νεκρῶν
709 2611 800 2664 τὸν
825 2609 1172 2680 παλαίφατον
1195 2608 1336 2675 λέγω

197 2696 252 2750 ἐν
276 2694 318 2764 ᾧ
341 2694 577 2765 ταφέντα
600 2692 786 2745 πολλὰ
810 2693 913 2746 κάκ
937 2695 1150 2746 πολλοῦ
1174 2689 1369 2764 χρόνου

198 2779 335 2833 ὀστᾶ
360 2776 632 2850 κέχωσται
658 2777 762 2828 τῶν
788 2774 940 2828 σέθεν
962 2773 1299 2843 «γεννητόρων.

1503 243 1598 291 239
