2028 3230
659 267 820 303 LATIN
858 265 1226 300 HEXAMETERS.
1556 267 1621 310 34
1626 267 1650 311 3

301 389 438 439 Huic
465 431 468 435 .
495 391 641 453 Jesus
661 409 670 438 :
699 394 701 396 ’
744 392 773 415 “
791 389 976 437 Nonne
1033 387 1142 436 haec
1211 385 1359 434 etiam
1423 386 1655 433 mandata

366 472 612 521 dederunt
1007 472 1010 474 ’

235 557 247 579 ‘
266 555 345 603 Ne
368 553 495 603 vires
521 552 721 616 exquire
747 551 843 601 Dei
861 552 922 612 3’'’
959 550 1094 599 stetit
1118 549 1200 614 ille
1225 550 1419 598 locutus
1440 568 1448 597 :

232 637 300 684 At
326 635 544 684 subitum
565 635 856 683 horrescens
881 632 1056 692 visum,
1080 632 1327 680 delabitur
1350 630 1519 679 hostis.

234 719 310 765 Ac
334 715 486 765 veluti
508 714 568 780 (si
592 731 743 779 parva
767 714 882 763 licet
908 730 1194 777 conponere
1221 710 1434 776 magnis)

234 798 506 862 Terrigena
529 799 736 846 Antaeus
762 796 953 860 Libyca
977 795 1184 844 certavit
1208 796 1358 843 arena

238 883 297 930 In
322 889 495 929 natum
514 879 653 943 Jovis
677 878 892 928 Alciden
912 896 924 939 3
961 877 1009 926 vi
1034 893 1166 940 saepe
1193 879 1426 925 subactus

236 965 379 1026 Saepe
402 954 700 1026 resurgebat,
725 960 934 1024 genitrix
958 976 1075 1008 nam
1100 961 1251 1007 Terra
1276 968 1483 1007 novatas

236 1044 515 1094 Addiderat
536 1043 664 1092 vires
684 1060 697 1103 3
732 1043 962 1091 conlecta
986 1051 1036 1090 at
1062 1041 1238 1090 saevior
1262 1041 1345 1099 ira,

239 1126 432 1177 Fortior
456 1135 504 1176 et
527 1127 683 1189 lapsu,
711 1124 911 1174 conexit
935 1140 1143 1186 corpore
1168 1139 1346 1186 corpus
1365 1142 1377 1183 3

238 1211 368 1258 Aere
393 1224 676 1272 suspensus,
702 1208 969 1268 faucesque
994 1204 1260 1254 obstrictus
1287 1204 1486 1263 ibidem,

241 1290 460 1340 Procidit
485 1288 738 1349 exanimis,
765 1288 1017 1350 vitamque
1044 1288 1240 1336 exhalat
1265 1286 1313 1333 in
1341 1302 1493 1333 auras.

242 1372 398 1421 Haud
424 1371 564 1419 aliter
587 1371 808 1428 Satanas,
837 1368 1018 1418 Christi
1044 1368 1090 1415 vi
1118 1384 1249 1430 saepe
1276 1368 1522 1425 subactus,

241 1455 383 1517 Saepe
407 1453 704 1514 resurgebat,
731 1466 863 1498 nova
887 1466 990 1498 non
1015 1449 1176 1497 minus
1202 1465 1315 1496 acer
1339 1448 1389 1495 in
1415 1465 1563 1505 arma,

243 1534 397 1584 Unde
419 1542 586 1582 tamen
612 1540 825 1590 steterat,
852 1530 1087 1579 victorem
1115 1538 1168 1577 ut
1193 1529 1346 1578 labier
1370 1530 1467 1576 alte

242 1615 440 1665 Scilicet
463 1613 755 1676 adspiceret,
781 1611 941 1660 victus
967 1611 1213 1660 delabitur
1236 1611 1354 1673 ipse.

243 1697 616 1758 Thebanosque
641 1695 776 1742 velut
795 1692 950 1756 pestis
977 1693 1220 1741 Thebana
1244 1694 1467 1750 vorabat,

245 1780 514 1841 Ambages,
542 1793 631 1825 sua
651 1777 804 1838 jussa,
833 1774 926 1822 nisi
955 1773 1223 1822 exsolvisse
1247 1775 1467 1822 valerent
1490 1792 1502 1834 3

249 1862 375 1909 Mox
400 1859 577 1908 eadem
600 1857 934 1919 frendensque
959 1855 1042 1915 ira,
1071 1856 1402 1917 frendensque
1428 1856 1612 1909 dolore,

249 1939 498 2005 Explicito
522 1939 674 1998 nodo,
703 1954 755 1986 se
775 1936 1098 2000 praecipitavit
1124 1936 1172 1983 in
1199 1937 1370 1995 undas,

249 2023 328 2073 Sic
353 2021 533 2071 cecidit
556 2030 720 2069 motus
746 2021 981 2081 luctuque
1006 2027 1242 2080 metuque
1267 2017 1481 2066 vicissim

251 2103 448 2153 Lucifer
470 2120 482 2161 3
516 2102 634 2150 inde
660 2100 759 2149 suis
784 2101 888 2162 jam
914 2099 1290 2148 consiliantibus
1316 2101 1473 2148 adfert

252 2185 473 2247 (Scilicet
498 2182 655 2247 optati
679 2191 1007 2231 monumenta
1031 2183 1165 2230 haud
1191 2183 1304 2230 laeta
1328 2181 1583 2244 triumphi>

253 2266 526 2325 Excidium,
555 2281 766 2328 spesque
791 2263 1010 2322 amissas,
1037 2262 1373 2326 pavidumque
1399 2264 1639 2321 timorem,

253 2348 528 2410 Adgressus
553 2355 615 2405 te,
644 2347 775 2394 Nate
803 2347 944 2406 Deo3
983 2345 1052 2393 sic
1076 2345 1157 2394 ille
1183 2347 1422 2408 superbus

255 2429 462 2478 Labitur
480 2447 492 2489 3
525 2427 807 2491 adspiciunt
823 2429 1031 2490 lapsum,
1050 2438 1415 2490 properantque
1433 2444 1518 2489 per
1537 2443 1677 2473 auras

258 2509 487 2573 Remigio
509 2511 692 2557 alarum
719 2510 895 2573 superi,
922 2510 1169 2557 flammata
1194 2526 1390 2564 corona,

261 2591 501 2641 Mollibus
526 2599 580 2638 ut
606 2590 853 2640 Christum
880 2591 1060 2653 plumis
1086 2590 1298 2639 statione
1324 2592 1534 2637 molesta

261 2673 515 2722 Extollant
535 2690 547 2732 3
585 2673 716 2720 lecto
740 2671 821 2720 ille
846 2673 980 2720 velut
1005 2671 1227 2720 fluitante
1253 2672 1545 2718 recumbens

260 2758 390 2804 Aera
415 2770 502 2817 per
525 2769 736 2801 vacuum
762 2754 921 2812 fertur,
949 2753 1190 2815 vallisque
1215 2768 1434 2800 recessus
