2028 3230
716 261 895 298 GREEK
933 262 1159 299 1AM131cs.
1553 264 1647 314 327

227 383 325 452 τὴν
349 383 512 442 αὐτὸς
537 384 702 438 αὑτοῦ
727 386 945 438 σύνεσιν
971 384 1039 441 ὡς
1064 382 1381 455 ἀρχηγέτην,

227 466 530 540 ἀρχηγέτην
550 465 613 529 θ’,
641 466 710 525 ὡς
736 465 955 522 σύνεσιν
980 468 1035 521 ἐν
1060 469 1237 531 τιμαῖς
1263 466 1462 532 σέβειν.

228 549 352 616 ἔθνη
378 554 588 623 κρατεῖν
612 549 836 612 ἄπιστα,
863 549 956 604 τὸν
981 549 1222 620 Χριστὸν
1249 549 1367 604 θεὸν

227 633 452 706 ἀνέχειν,
479 633 590 707 ἄχη
615 633 894 698 πλάνητας
921 632 1111 687 ἰᾶσθαι
1135 634 1364 703 βροτῶν,

227 716 457 783 λωβητὰ
483 719 644 785 σιγᾶν
668 716 787 771 οὐδὲ
811 714 963 770 τῶνδ’
992 715 1211 777 ἐπαΐειν,

230 800 466 868 καθαρᾶς
490 822 549 855 τε
573 800 779 870 τρίβειν
804 798 931 867 ἡδὺν
955 798 1168 867 ἁγνείας
1192 797 1333 864 βίον,

229 883 357 951 μίαν
383 881 429 935 θ’
454 884 686 938 ἕκαστον
710 881 976 954 παρθένον
1000 884 1211 939 πιστῶς
1237 883 1430 952 φιλεῖν,

231 968 374 1036 κείνῃ
400 963 446 1019 θ’
474 965 786 1038 ὑπηρέτημα
810 963 1066 1022 πολύετες
1091 964 1264 1031 νέμειν

230 1052 444 1118 γενναῖα
468 1048 686 1119 δρῶντα,
713 1048 901 1120 μέχρις
926 1047 987 1101 οὗ
1010 1048 1198 1115 γάμων
1224 1048 1397 1119 τύχοι·

233 1131 498 1204 κρείσσων
520 1131 623 1203 γὰρ
649 1130 814 1188 οὐδεὶς
837 1130 902 1198 ἢν
927 1131 1043 1198 ἐμοὶ
1069 1130 1406 1195 διδάσκαλος,

232 1217 267 1282 ἢ
291 1215 597 1288 παρθένειος
620 1213 887 1285 παρθένου
913 1214 1076 1284 φίλης
1102 1213 1247 1285 ἔρως,

234 1298 363 1353 ὥστ’
390 1298 445 1352 ἐν
470 1298 663 1369 φρεσὶν
687 1300 797 1351 πᾶν
822 1297 1053 1369 αἰσχρὸν
1080 1296 1283 1349 ἰπῶσαι
1307 1295 1505 1366 κράτει,

235 1382 405 1451 νόημά
429 1380 474 1434 τ’
501 1379 651 1445 αἰπὺ,
681 1378 1012 1452 φιλοφρόνας
1039 1378 1085 1432 θ’
1113 1379 1245 1447 ὁμοῦ
1268 1378 1463 1445 λόγους

235 1462 368 1536 σάφ’
395 1463 737 1528 ἐκδιδάσκειν,
765 1462 851 1517 καὶ
878 1462 1056 1536 χάριν,
1085 1461 1238 1530 δόξης
1263 1459 1309 1515 τ’
1337 1460 1468 1531 ἔρον,

235 1548 407 1616 ἔργοις
434 1546 476 1600 δ’
502 1545 835 1614 ἀληθεύοντά
859 1545 910 1615 γ’
936 1544 1181 1614 ἀνδρείως
1207 1548 1436 1617 φρονεῖν.

235 1630 381 1698 ἤνθει
407 1629 463 1691 δὲ
487 1629 685 1695 πάντα,
712 1629 841 1701 πρίν
865 1626 913 1697 γ’
942 1627 1116 1698 ἔγημά
1141 1627 1191 1681 σ’
1221 1628 1383 1696 ἀξιῶν

236 1713 440 1780 πιστὴν
465 1712 608 1786 ἔχειν
627 1716 855 1782 γυναῖκα
881 1713 1155 1783 καύταρκῆ
1181 1712 1326 1766 πάνυ

237 1798 386 1863 ἐμαῖς
411 1799 697 1865 συναλγεῖν
721 1795 813 1863 ἠδὲ
837 1795 1151 1868 συγχαίρειν
1177 1793 1381 1865 φρεσίν.

1161 1964 1219 2010 R.
1250 1963 1308 2010 T.
1340 1964 1417 2022 R„
1453 1963 1590 2022 1863.
