2028 3230
847 257 938 320 265

364 870 687 931 GREEK
744 871 1426 933 HEXAMETERS.

382 1067 411 1085 “
424 1065 622 1114 Whence,
647 1066 730 1106 and
750 1066 861 1106 what
882 1073 944 1106 art
965 1066 1066 1106 thou
1082 1066 1396 1107 ?'’—M1LTON.

177 1225 433 1283 ΑΣΣΟΝ
496 1226 578 1299 ἄρ’
626 1227 795 1294 ἦλθον
856 1229 1015 1296 ξεῖνοι
1078 1228 1148 1283 ἔτ’
1206 1230 1484 1301 ἀσσοτέρω
1550 1230 1606 1284 δὲ

322 1309 574 1377 ἐπῆλθον,

177 1390 302 1444 ἀλλ’
328 1391 503 1459 ἧσσον
529 1391 688 1457 θυμὸς
712 1392 948 1462 ’γήθησεν
973 1393 1197 1450 ἄνακτος
1226 1393 1440 1451 ἰδόντος·

176 1473 229 1527 οἱ
248 1475 345 1543 μὲν
371 1474 578 1529 ἰδέσθαι
603 1475 735 1529 ἔσαν
760 1476 957 1535 πάντες
983 1477 1151 1538 κακοὶ,
1182 1476 1480 1549 ὀφθαλμοῖς
1506 1499 1563 1530 τε

177 1556 398 1632 ἔστιχον
423 1559 519 1612 οὐκ
544 1557 731 1629 ὀρθοῖς,
760 1559 828 1617 ὡς
853 1561 949 1614 οὐκ
975 1560 1242 1618 ἐθέλοντες
1269 1560 1512 1631 ὁρᾶσθαι·

176 1645 318 1695 τοῖσι
342 1640 398 1694 δὲ
421 1642 706 1704 βαίνουσιν
733 1641 846 1710 δοιῇ
874 1643 1100 1708 ἐδαΐζετο
1128 1642 1305 1708 θυμὸς,

176 1723 265 1776 καὶ
319 1723 450 1791 μάλ’
502 1724 710 1794 ὕποδρα
770 1724 890 1778 ἰδὼν
952 1725 1142 1796 τρέπεν
1203 1724 1326 1779 ὦπα
1388 1724 1605 1780 πέδονδε

321 1807 558 1866 ἕκαστος.

175 1889 316 1961 ἀμφὶ
340 1889 397 1945 δὲ
421 1896 534 1945 τοῖν
560 1894 792 1962 πρωτοῖν
817 1891 961 1944 καλὰ
987 1890 1116 1964 χροῒ
1137 1891 1329 1958 εἱζιιατα
1353 1892 1496 1957 ἕστο,

176 1973 319 2027 καλὰ
344 1972 542 2027 πέδιλά
566 1995 625 2028 τε
649 1973 740 2028 καὶ
766 1973 920 2040 κυνέη
946 1976 1035 2028 καὶ
1060 1976 1303 2031 ποίκιλος
1330 1975 1489 2041 ὤμοις

175 2055 314 2127 ἀμφὶ
338 2056 546 2114 πέπλος
573 2056 660 2110 καὶ
687 2056 942 2125 κνημῖδες·
981 2059 1224 2125 μενγάλην
1249 2057 1305 2110 δὲ
1328 2058 1603 2130 μάχαιραν

176 2137 264 2192 καὶ
291 2138 442 2208 ξίφος
466 2138 721 2211 ἄμφηκες,
752 2139 840 2194 καὶ
866 2139 998 2208 τόξα
1023 2140 1112 2194 καὶ
1138 2141 1302 2214 ἔνγχεα
1325 2141 1520 2213 μακρὰ,

174 2220 344 2294 τεύχε’
361 2221 681 2294 Ὀρεσκῴων
705 2222 905 2295 ἔφερον·
933 2227 1071 2295 τρεῖς
1097 2221 1140 2276 δ’
1158 2223 1266 2277 οἵτε
1284 2223 1396 2290 μετ’
1413 2224 1603 2280 αὐτοὺς

177 2303 238 2357 οὗ
260 2304 413 2371 μάλα
437 2304 554 2372 τῆλ’
583 2306 827 2370 ἕσποντο,
858 2305 1082 2364 ὀπάονες
1107 2305 1248 2373 ἦσαν
1276 2306 1481 2361 ἰδέσθαι

177 2386 472 2454 λευνγάλεοι·
510 2391 683 2442 τοῖσιν
709 2387 752 2440 δ’
779 2387 911 2459 ἀμφ’
940 2389 1099 2456 ὤμοις
1125 2389 1359 2459 δέρματα
1385 2391 1588 2460 νεβρῶν

178 2466 257 2535 ἥδ’
283 2468 449 2537 αἶὙῶν
472 2475 658 2539 πνοιῆς
684 2470 1022 2530 δυσθαλπέος
1045 2472 1238 2544 ἤρκεσε
1261 2473 1419 2542 ῥῖνγος·

177 2551 426 2619 *γυμνώθη
450 2575 508 2606 τε
533 2556 684 2625 καρὰ,
711 2554 900 2622 ’γύμνοι
925 2577 984 2608 τε
1007 2553 1305 2627 βραχίονας
1329 2553 1470 2621 ἦσαν

180 2634 269 2687 καὶ
292 2632 473 2695 πόδας,
499 2633 564 2701 ἦν
589 2634 644 2688 δὲ
669 2635 804 2703 κόμη
831 2635 1014 2702 τανάη,
1042 2637 1234 2690 λάσιοί
1254 2658 1311 2689 τε
1335 2636 1523 2703 Γγένεια·

179 2718 322 2769 τοῖσι
347 2714 402 2769 δὲ
427 2716 618 2789 πάγχυ
642 2721 820 2777 κακοῖς
838 2719 903 2787 ἣν
922 2719 1113 2791 τεύχεα
1131 2718 1284 2790 λύγρ’
1303 2718 1378 2771 ἐνὶ
1396 2718 1599 2790 χερσὶν,

178 2798 268 2852 καὶ
285 2798 537 2871 ῥόπαλος,
556 2800 795 2862 πέλεκυς,
815 2801 905 2854 καὶ
929 2801 1026 2873 ἄορ
1053 2801 1467 2868 πεπαλαγμένον
1493 2800 1602 2868 ἄζῃ.
