2028 3230
858 247 886 294 5
893 247 919 292 3

491 898 818 959 GREEK
873 899 1271 960 IAMBICS.

236 1112 349 1166 ΑΓ.
388 1110 458 1165 Τί
478 1114 666 1185 χρῆμα
688 1110 880 1178 λύπης,
907 1110 948 1164 ὦ
975 1113 1132 1183 φίλοι
1157 1114 1470 1186 λοχαγέται,

164 1192 343 1265 ὠχρᾶς
367 1198 610 1265 παρειαῖς
635 1199 786 1262 σῆμα
809 1194 1135 1267 προστρίβει
1160 1196 1321 1250 νόσου
1340 1220 1357 1259 ,-

162 1275 244 1330 ἀεὶ
269 1282 374 1349 γὰρ
401 1276 557 1335 ἐλπὶς
581 1282 689 1334 τοῖς
712 1279 927 1350 βροτῶν
952 1278 1347 1349 πεπραγμένοις

161 1359 329 1413 πόλλ’
355 1360 412 1413 εὖ
437 1359 702 1432 προθεῖσα
726 1361 905 1432 σμίκρ’
933 1361 1257 1433 ἐπικραίνειν
1283 1366 1446 1433 φιλεῖ.

161 1441 329 1515 ἔργων
355 1443 402 1497 θ’
412 1442 622 1496 ὅσοισιν
647 1443 996 1512 εὐγενεστάτη
1022 1443 1184 1516 φύσις

161 1527 377 1599 συχνῶν
401 1526 606 1599 πέφυκε
631 1530 922 1599 συμφορῶν
946 1528 1254 1594 κωλύματα.

160 1607 322 1664 ὁποῖα
346 1608 562 1675 πεύκην,
590 1610 782 1664 ἀντίων
808 1607 944 1664 ὁποῦ
967 1611 1104 1682 ῥοῶν

157 1692 486 1764 ὁρμωμένων,
513 1691 634 1751 τοὺς
658 1695 864 1750 κλῶνας
889 1692 1123 1761 ἀκμαίαν
1147 1693 1207 1747 τὸ
1233 1693 1362 1766 πρὶν

157 1776 308 1845 ὄγκοι
333 1775 762 1848 διαστρέφουσιν,
789 1776 1046 1845 εἴργοντες
1073 1775 1237 1844 ξύλου

156 1858 356 1932 ῥυθμὸν
381 1859 441 1912 τὸ
465 1859 647 1927 μηκέτ’
673 1858 824 1917 αὖθις
851 1859 1080 1913 εὐθύνειν
1105 1859 1285 1929 φύσιν.

156 1940 280 2002 οὐδ’,
307 1940 348 1995 ὦ
373 1945 644 2016 ταγοῦχοι,
674 1945 900 2013 πρᾶγμα
924 1942 1163 1996 νεόκοτον
1188 1941 1307 1996 τόδε

155 2025 292 2093 ἡμᾶς
317 2029 572 2078 τοσοῦτον
597 2025 903 2090 ἀμπλακεῖν
929 2025 1296 2097 φρονημάτων,

155 2106 285 2161 ὥσθ’
313 2107 543 2176 ἕβδομον
568 2106 710 2162 τοῦθ’
738 2106 838 2161 ὧδε
863 2112 928 2178 τῇ
956 2109 1124 2182 Τροίᾳ,
1147 2109 1272 2181 πέρι

154 2190 270 2248 ἔτος
294 2194 512 2245 τελοῦσι
537 2194 649 2245 σῶν
673 2189 744 2247 ἔτ’
771 2190 1013 2264 ἀντέχειν
1037 2194 1215 2246 πόλιν.

154 2272 347 2329 ἅπαντ’
376 2273 556 2341 ἐπειδὴ
582 2276 688 2328 τῶν
713 2274 884 2345 πάρος
909 2276 1300 2347 πεπραγμένων

154 2356 227 2412 ὧν
250 2356 410 2426 μνῆμ’
437 2357 676 2427 ἄφικται.
707 2356 985 2429 συμφορᾶς
1010 2357 1092 2411 ἀεὶ
1117 2359 1302 2418 σθένος

153 2440 398 2500 ἐναντίως
424 2440 663 2512 ἔτρεψεν,
694 2440 822 2494 ὥσθ’
850 2441 1174 2512 ἁμαρτάνειν

153 2529 377 2590 σκοποῦ,
405 2530 555 2593 κενῆς
580 2545 638 2579 τε
664 2523 940 2595 φροντίδος
965 2524 1283 2592 τυπὼματος

151 2606 244 2679 ἀφ’
269 2608 332 2676 ἧς
358 2606 626 2674 ἐπλάσθη.
701 2610 982 2679 τοιγαροῦν
1007 2607 1147 2666 τίνος
1170 2609 1332 2681 χάριν

151 2690 299 2757 ἡμῶν
324 2689 392 2744 τὰ
417 2688 692 2762 πράγμαθ’
719 2689 818 2745 ὧδε
844 2690 1121 2760 δυσθύμως
1147 2691 1224 2745 ἀεὶ

153 2771 315 2846 ὁρᾶτ’,
343 2773 568 2831 ὀνείδους
594 2772 638 2827 τ’
665 2773 718 2826 ἐν
739 2772 890 2844 μέρει
915 2770 1109 2828 νοεῖσθ’
1135 2775 1239 2828 ὅσα

818 2872 849 2905 Ε
888 2874 914 2905 2
