2028 3230
670 203 830 269 mm
867 233 1239 268 HEXAMETERS.
1602 222 1663 284 85

235 354 562 421 splendorem
585 373 596 404 :
631 353 828 418 Superis
852 354 1012 416 major
1035 370 1147 417 quae
1170 352 1325 418 gloria
1347 354 1544 417 regnis?

237 437 359 501 Ipsa
381 451 528 500 super
549 444 797 485 tormenta
818 437 949 485 valet
971 435 1243 498 longinqua
1265 444 1481 484 vetustas

237 516 471 568 Reddere
493 516 783 580 corporibus
806 515 986 566 nostris
1012 516 1160 566 etiam
1185 525 1302 580 apta
1324 517 1548 566 novatis:

218 598 402 661 .Quam
426 614 640 648 nocuere
664 597 812 662 priuS‚
838 599 1060 647 lambent
1085 606 1185 646 tam
1211 597 1425 648 molliter
1447 598 1601 662 igneS‚

236 681 366 731 Cum
389 679 537 730 nobis
560 689 735 729 natura
757 678 999 728 inadustis
1024 678 1170 742 ignea
1192 680 1322 728 facta
1346 689 1435 741 est,

235 761 553 826 Usque'ideo
577 770 709 810 certe
734 760 978 810 cruciatus
1003 777 1175 809 sensus
1199 761 1416 810 hebebit.

235 843 422 894 Omnia
443 842 513 892 ita
535 842 747 892 invitant
770 859 947 906 pacem
973 859 1198 892 exercere
1224 843 1456 906 quietam,

235 924 460 976 Consilia
484 933 532 974 et
554 941 762 985 versare,
788 924 930 994 malis
956 941 1234 974 succurrere
1258 925 1437 975 nostris

235 1007 507 1070 Quomodo
530 1006 791 1070 possimus,
819 1006 1027 1056 memori
1050 1007 1204 1055 modo
1228 1016 1396 1056 mente
1420 1016 1646 1056 tenentes

234 1088 350 1151 Qua
372 1088 643 1152 qualesque
668 1104 864 1137 sumus:
901 1104 994 1137 nec
1017 1088 1150 1137 bella
1172 1104 1372 1137 movere
1396 1105 1637 1151 paremus.

231 1169 455 1220 Audistis
479 1186 789 1234 quaecunque
809 1169 1040 1234 equidem
1064 1169 1291 1219 facienda
1313 1169 1495 1233 putavi.

299 1330 401 1380 Vix
423 1348 484 1381 ea
505 1332 634 1380 fatus
658 1339 761 1381 erat
784 1351 794 1380 ε
830 1332 1142 1394 complerunt
1164 1348 1414 1380 murmura
1436 1341 1637 1391 tectum,

234 1412 415 1476 Qualia
438 1429 556 1462 saxa
578 1412 712 1462 cient
733 1412 995 1462 retinentia
1019 1429 1241 1462 concava
1263 1413 1399 1462 venti

234 1493 530 1543 Bacchantis
554 1493 814 1555 fremitum,
843 1493 927 1557 qui
952 1494 1299 1544 sollicitaverat
1321 1511 1492 1558 aequor

235 1576 332 1625 Per
353 1584 556 1625 noctem
579 1574 838 1635 tumidum,
865 1591 1014 1624 rauco
1038 1592 1172 1624 nunc
1195 1592 1442 1625 murmure
1467 1577 1640 1625 suadet

233 1657 476 1706 Somnum
500 1655 706 1707 defessis
729 1655 981 1719 vigilando
1006 1673 1204 1720 carpere
1229 1657 1405 1718 nautis,

234 1738 460 1800 Quorum
483 1739 665 1787 cumba
687 1737 809 1787 levis
833 1737 1036 1801 religata
1060 1737 1270 1801 quiescit
1293 1738 1344 1786 in
1367 1748 1503 1788 arcto

233 1820 375 1870 Inter
396 1835 516 1869 saxa
539 1819 664 1880 sinu,
691 1835 845 1883 quum
869 1828 1163 1882 tempestate
1187 1820 1389 1869 furentis

233 1900 436 1951 Destitit
459 1900 531 1950 ira
552 1900 712 1950 maris,
786 1901 896 1949 Tali
921 1901 1136 1951 clamore
1161 1903 1413 1951 faventum

234 1982 516 2033 Concilium
539 1982 719 2043 sonuit,
741 1984 1006 2031 Mammon
1029 1991 1084 2031 ut
1106 1982 1231 2031 finiit
1256 1999 1340 2032 ore
1358 2001 1373 2044 3

233 2065 374 2114 Illius
397 2073 547 2128 atque
570 2081 782 2114 monens
805 2064 990 2128 placuit
1015 2064 1259 2114 sententia
1281 2082 1456 2128 pacem
1476 2084 1490 2127 3

234 2146 400 2196 Instar
422 2145 555 2195 enim
579 2161 760 2209 pugnae
783 2162 1000 2210 pugnam
1025 2145 1294 2196 instaurare
1318 2146 1490 2209 prioris

234 2227 493 2291 Expavere
515 2226 673 2291 magis
697 2242 846 2290 quam
871 2228 1106 2276 Tartara:
1143 2228 1241 2276 tela
1264 2228 1508 2276 Tonantis

234 2299 404 2358 Corda
425 2324 610 2372 pavore
633 2308 763 2357 adeo
788 2317 1023 2368 sternunt,
1055 2308 1315 2358 Michaelis
1341 2318 1389 2358 et
1415 2310 1544 2359 ensis
1566 2329 1579 2370 3

50 2389 63 2443 ’,
82 2375 115 2462 Ξ
162 2435 163 2438 ,
234 2389 346 2438 Nec
366 2387 531 2438 minus
555 2388 754 2439 inferius
779 2389 946 2452 cupidi
969 2399 1081 2438 sunt
1105 2391 1320 2439 condere
1344 2407 1562 2455 regnum,

165 2487 167 2491 ¹
235 2469 460 2520 Consilio
484 2471 621 2534 quod
645 2479 760 2534 post
783 2470 1002 2520 labentia
1026 2473 1206 2520 saecula
1229 2481 1483 2521 crescat-—

233 2551 448 2612 Crescat,
475 2560 525 2601 et
549 2551 780 2615 opposito
806 2561 960 2602 certet
984 2552 1238 2603 molimine
1265 2553 1419 2602 Divis,

1155 2716 1215 2763 R.
1247 2716 1314 2763 H.
1346 2717 1414 2774 P.,
1449 2718 1588 2778 1850.

897 2855 995 2890 Gz
