2028 3230
385 274 485 318 424
936 269 1248 304 CLEOPATRA.

387 395 516 439 Tum
541 407 657 440 vero
683 392 951 450 exululans,
978 389 1208 453 vigilique
1234 388 1406 438 insana
1429 389 1599 438 dolore

390 472 629 521 Persentit
654 471 878 520 stimulos
903 471 1096 530 irarum,
1124 479 1172 519 et
1197 487 1402 533 corpora
1425 479 1584 519 versat

390 553 672 615 Inrequieta
696 561 818 600 toro.
897 554 991 600 Per
1015 560 1215 599 noctem
1242 559 1476 600 exaestuat
1499 550 1581 610 ira,

385 637 611 696 Cumque
637 633 715 682 die
741 634 978 682 redeunte
1003 632 1142 692 redit,
1171 635 1424 695 majorque
1449 630 1662 695 resurgit.
1721 676 1733 687 ,

384 718 492 763 Nec
515 731 664 773 mora,
692 731 784 762 nec
808 713 1010 776 requies.
1092 717 1119 739 ‘⁴
1145 714 1260 774 Quo
1293 729 1440 773 nunc,
1468 728 1567 775 quo
1591 712 1790 775 perfida,

520 798 712 855 clamat,

388 876 732 925 Praesidiumve
758 885 937 938 petam,
966 875 1239 935 veniamve,
1268 875 1464 924 viamve
1491 874 1699 923 salutis?

385 962 462 1004 An
488 957 613 1005 fictis
638 957 823 1004 confisa
848 956 974 1004 dolis
1000 965 1048 1004 et
1072 956 1272 1004 conscia
1295 958 1462 1004 formae

386 1037 638 1085 Blanditiis
663 1038 856 1085 hostem
881 1036 1149 1099 adgrediar,
1178 1036 1441 1085 dulcedine
1467 1037 1640 1084 molles
1662 1033 1668 1040 '

385 1114 654 1166 Tentatura
679 1116 855 1176 aditus,
884 1127 932 1165 et
957 1133 1103 1165 caecae
1131 1117 1322 1165 semina
1346 1117 1573 1175 flammae,

384 1199 532 1260 Siqua
558 1201 646 1247 abs
658 1208 788 1246 trusa
813 1199 968 1246 latent
991 1197 1155 1260 gelido
1182 1199 1272 1246 sub
1299 1193 1462 1256 corde⁷
1488 1197 1669 1245 fovebo
1686 1198 1709 1244 ?

386 1281 530 1327 Illum
592 1280 753 1339 etiam,
815 1296 904 1327 ceu
963 1287 1037 1326 tot
1096 1278 1362 1340 quondam,
1422 1278 1550 1326 male
1608 1275 1798 1339 perdita

520 1362 721 1423 perdam
743 1364 764 1409 ?

388 1442 520 1502 Quid
556 1444 766 1504 loquar?
804 1450 888 1489 aut
925 1441 1044 1503 quid
1079 1443 1213 1503 ago?
1258 1456 1405 1501 quam
1440 1455 1520 1488 me
1555 1455 1666 1488 mea
1700 1439 1797 1487 fata

522 1523 725 1585 fatigant
750 1527 758 1570 1

388 1607 567 1662 Vanas,
594 1604 689 1652 heu
714 1603 917 1650 nimium
942 1606 950 1650 1
988 1618 1152 1660 vanas,
1183 1617 1294 1664 spes
1319 1617 1538 1664 aucupor
1562 1617 1746 1664 exspes.

388 1687 450 1732 Et
476 1701 682 1746 quorum
707 1684 838 1732 furiis
863 1683 1009 1731 toties
1036 1683 1266 1730 malefida
1289 1681 1436 1730 fefelli

388 1767 644 1829 Exagitata
667 1768 806 1824 feror,
833 1765 1041 1814 deludor
1066 1774 1114 1813 et
1139 1764 1245 1826 ipsa
1268 1763 1494 1812 vicissim.

387 1850 454 1895 At
478 1863 727 1908 nunquam
754 1846 952 1894 victoris
978 1845 1080 1894 heri
1106 1844 1302 1907 captiva
1325 1844 1596 1907 triumphos

390 1927 666 1989 Perpetiar;
701 1943 968 1988 nunquam,
997 1942 1106 1988 quae
1134 1925 1226 1972 sim
1255 1925 1387 1987 prius
1411 1924 1517 1988 ipsa
1539 1924 1723 1972 minata

386 2008 627 2057 Servitura
650 2025 762 2056 meo
789 2007 1037 2070 Capitolia
1061 2008 1192 2056 celsa
1219 2008 1429 2068 Canopo

390 2091 518 2136 Haec
543 2089 731 2146 eadem,
759 2087 938 2147 infelix,
966 2087 1176 2146 humilis,
1204 2086 1361 2134 derisa
1387 2085 1576 2146 subibo,

393 2171 557 2233 Digna
581 2170 782 2232 indigna
807 2170 919 2232 pati.
997 2169 1132 2217 Prius
1159 2168 1422 2231 oppetiisse
1442 2167 1673 2230 juvabit.’'

455 2373 533 2421 Sic
558 2381 696 2421 tonat
720 2388 815 2430 ore,
842 2373 966 2419 feras
991 2386 1175 2418 acuens
1199 2369 1429 2418 furialiter
1452 2369 1557 2418 iras.

392 2457 467 2501 En
488 2456 496 2500 ἲ
533 2452 730 2515 liquidae
755 2451 841 2499 rivi
865 2452 1074 2498 flammae
1100 2467 1187 2512 per
1211 2458 1435 2512 tempora
1459 2459 1654 2499 currunt

389 2534 616 2597 Turgida,
643 2533 724 2581 vix
747 2532 948 2594 trepidae
974 2532 1311 2602 conprendere
1335 2531 1534 2580 flumina
1557 2547 1696 2580 venae

389 2614 653 2663 Sufficiunt.
726 2613 891 2661 Virtus
917 2629 968 2660 se
993 2611 1220 2660 accendit
1244 2612 1445 2660 conscia
1467 2613 1623 2671 vultu,

392 2694 863 2756 Magnanimumque
882 2701 1072 2755 patrum
1093 2692 1240 2755 surgit
1259 2695 1349 2741 sub
1364 2701 1564 2755 pectore
1583 2692 1789 2756 sanguis.

393 2774 551 2837 Exigit
577 2790 690 2838 ergo
715 2773 878 2822 animo
902 2782 1092 2836 tempus
1118 2789 1282 2821 secum
1308 2772 1414 2836 ipsa
1436 2773 1737 2836 modumque
