2028 3230
917 251 1006 302 ¹05

433 851 726 913 LATIN
784 844 1476 926 HEXAMETERS.

79 1123 131 1142 ,ff
159 1045 175 1090 Ἴ
241 1053 531 1121 Lmoinm
545 1069 652 1132 jam
674 1081 792 1116 vero
817 1067 1054 1116 Saturnus
1077 1063 1266 1114 lumina
1290 1063 1494 1114 tandem

242 1149 448 1203 Sustulit
469 1165 718 1200 annosus:
753 1163 1060 1212 regnumque
1083 1146 1172 1197 ubi
1196 1146 1319 1196 vidit
1344 1146 1650 1209 ademptum,

241 1230 513 1283 Tristitiam
533 1239 597 1288 et,
611 1226 767 1294 quam
783 1237 937 1290 vasta,
955 1227 1068 1288 loci,
1087 1229 1433 1291 tenebrasque,
1454 1229 1677 1290 Deaeque

242 1315 379 1365 Ante
401 1313 558 1378 pedes
582 1321 747 1362 stratae
772 1309 1005 1375 speciem,
1034 1309 1105 1360 sic
1129 1309 1247 1359 inde
1272 1311 1469 1359 locutus

241 1395 399 1462 AEgra
419 1411 546 1445 voce
569 1394 706 1444 velut
720 1391 964 1453 ›titubanS,
992 1391 1113 1440 dum
1136 1393 1293 1440 barba
1316 1392 1562 1440 tremebat

229 1477 495 1543 -Populeas
518 1474 711 1525 imitata
733 1491 920 1536 comaS‚
947 1482 998 1525 et
1020 1473 1262 1523 inhorruit
1286 1474 1415 1522 ultro
1435 1493 1446 1522 z

314 1643 347 1667 “
365 1641 412 1691 O
439 1638 585 1701 Diva,
610 1637 848 1688 auricomi
872 1637 1096 1700 conjunx
1121 1635 1427 1700 Hyperionis
1451 1637 1596 1695 alma,

244 1722 322 1773 Te
345 1721 504 1782 Thea,
530 1729 582 1771 te
606 1718 740 1770 sensi
763 1719 1063 1779 adstantem,
1090 1717 1208 1767 licet
1235 1734 1322 1767 ora
1343 1717 1514 1768 videre

175 1835 178 1840 ι
247 1803 511 1853 Hactenus
527 1801 663 1851 haud
678 1799 882 1866 possim,
903 1809 957 1849 tu
970 1801 1089 1863 jam,
1107 1815 1298 1864 precor,
1320 1798 1451 1862 erige
1470 1801 1677 1859 vultum,

244 1885 413 1949 Atque
436 1882 508 1934 ibi
529 1891 766 1932 venturos
789 1883 935 1932 detur
957 1882 1267 1945 deprendere
1285 1882 1448 1930 luctus
1466 1898 1479 1942 ς

170 2024 171 2029 ¹
193 1979 196 1981 ’
245 1963 443 2016 Saturni
465 1963 696 2030 agnoscis
718 1963 899 2014 veteris
922 1962 1130 2027 vestigia
1152 1963 1324 2012 formae
1338 1965 1362 2012 Ρ

178 2091 180 2093 ,
245 2045 346 2097 Dic
367 2044 490 2096 mihi
512 2049 522 2096 l
556 2043 752 2095 Saturni
776 2043 945 2094 solitas
968 2043 1176 2093 audisne
1200 2044 1444 2107 loquellas
1458 2046 1481 2093 ?

107 2124 121 2141 '¹
247 2117 380 2179 Haec
402 2125 509 2188 tibi,
535 2125 632 2188 die,
659 2125 812 2176 facies
837 2125 1143 2176 deformibus
1169 2141 1345 2189 aspera
1367 2124 1498 2189 mgis
1529 2166 1532 2169 .

248 2209 501 2275 Nudaque
523 2206 676 2272 regali
699 2216 751 2258 et
774 2208 965 2257 dudum
989 2206 1202 2271 spoliata
1224 2222 1414 2256 corona

244 2290 509 2343 Saturnine
530 2291 677 2341 refert
700 2290 951 2339 frontem?
1023 2290 1111 2338 Me
1137 2289 1257 2338 sede
1283 2287 1393 2352 quis
1418 2304 1565 2337 ausus

249 2370 532 2424 Dissociare
556 2387 670 2422 mea
691 2370 897 2420 viduum
914 2373 937 2420 Ρ
1005 2369 1096 2419 Vis
1120 2370 1255 2420 unde
1278 2371 1513 2433 reperta?

83 2448 155 2490 ⁵
249 2455 488 2519 Quonam
509 2453 617 2503 fota
639 2453 795 2503 modo
820 2451 974 2502 tantis
1000 2451 1226 2501 efferbuit
1251 2450 1332 2500 iris
1351 2453 1374 2500 ?

142 2540 146 2548 '
250 2538 351 2591 His
373 2537 461 2589 ubi
484 2554 590 2589 sors
613 2537 720 2588 visa
744 2547 821 2589 est
843 2536 1021 2587 validis
1045 2535 1319 2586 constricta
1341 2534 1536 2585 lacertis

91 2670 104 2691 ,ι
251 2621 342 2671 Me
365 2636 522 2686 penes
546 2636 655 2671 esse
678 2636 862 2670 unum:
901 2619 993 2669 sed
1015 2617 1334 2668 ineluctabile
1360 2619 1606 2666 Fatum-

92 2692 195 2766 ‘2-']'‘”;22
251 2702 385 2767 Ergo
409 2717 504 2766 ego
527 2701 765 2765 depulsus
787 2699 965 2766 regnis,
992 2701 1085 2749 sub
1109 2701 1316 2748 Tartara
1338 2698 1530 2757 missuS,

248 2782 333 2835 sic
353 2781 647 2833 interclusus
670 2791 874 2832 teneor:
909 2798 1073 2846 neque
1097 2781 1309 2840 flectere,
1336 2788 1391 2828 ut
1415 2778 1535 2828 olim
