2028 3230
868 217 929 264 4¹

374 795 667 868 LATIN
726 806 1453 867 HEXAMETERS..

181 1023 404 1071 LUMINA
427 1020 478 1069 in
505 1020 815 1069 Enceladum
840 1018 1006 1068 cuncti
1032 1035 1273 1068 conversa
1296 1021 1547 1079 tenebant,

180 1105 397 1154 Necnon
421 1103 541 1152 dum
565 1102 739 1166 rapida
763 1103 855 1151 sub
880 1104 1032 1151 finem
1059 1101 1354 1166 Hyperiona
1377 1101 1544 1165 lingua

181 1187 405 1246 Invocat,
435 1193 484 1234 et
509 1184 694 1233 circum
718 1197 955 1233 resonant
979 1200 1102 1232 cava
1124 1183 1327 1232 nomine
1353 1200 1470 1232 saxa
1488 1203 1502 1245 3

181 1266 456 1315 Pallentem
481 1265 644 1315 subito
670 1267 832 1314 lucem
858 1282 1004 1328 super
1027 1282 1114 1314 ora
1137 1281 1307 1314 severa

181 1346 435 1397 Effulsisse
457 1346 833 1397 vident—saeva
856 1345 906 1396 at
931 1364 1033 1396 non
1058 1347 1140 1397 ille
1165 1347 1340 1396 furoris

179 1428 331 1494 Signa
352 1423 505 1490 dedit,
531 1430 717 1478 multos
741 1429 929 1479 rabiem
954 1429 1140 1492 quippe
1165 1429 1387 1492 undique
1412 1429 1554 1479 divos

179 1509 682 1575 Adspicitaequalem
706 1510 903 1574 penitus
929 1513 1020 1560 sub
1046 1512 1196 1560 corde
1221 1521 1514 1574 prementes

180 1592 413 1642 Protinus
437 1592 520 1642 ille
544 1592 702 1642 oculis
726 1594 938 1642 lustrans
964 1593 1109 1642 simul
1133 1593 1308 1643 ordine
1333 1604 1540 1644 cunctos

181 1676 246 1723 In
269 1675 510 1738 cujusque
532 1674 669 1724 videt
694 1674 958 1724 sublustria
981 1675 1168 1723 lumina
1191 1677 1329 1724 vultu
1349 1695 1358 1724 :

180 1757 498 1821 Splendidior
521 1757 610 1806 sed
635 1757 768 1807 enim
791 1757 986 1806 Saturni
1010 1757 1198 1806 inculta
1221 1758 1408 1807 refulsit

182 1837 419 1900 Canities,
447 1838 619 1902 qualis,
647 1838 814 1888 media
838 1839 876 1888 si
902 1848 1050 1888 nocte
1075 1857 1324 1888 recessum

183 1922 336 1970 Prora
359 1919 493 1970 sinus
519 1920 682 1982 subiit,
710 1920 969 1984 crepitanti
993 1937 1240 1970 murmure
1266 1921 1452 1970 circum

179 2001 453 2066 Splendida
475 2011 727 2051 curvatam
751 2002 970 2051 canescit
996 2019 1171 2065 spuma
1195 2003 1424 2053 carinam.

181 2085 313 2133 Tum
336 2100 454 2141 vero
478 2084 676 2133 attoniti
699 2093 902 2133 tenuere
927 2083 1121 2133 silentia
1145 2084 1311 2133 cuncti

181 2164 386 2226 Pallida,
413 2166 534 2215 dum
559 2166 724 2215 subito
748 2167 907 2231 fulgor
931 2166 1172 2229 surgentis
1197 2166 1418 2216 adinstar

179 2247 399 2308 Aurorae,
426 2248 539 2296 loca
560 2247 819 2311 praeruptis
845 2247 1095 2297 horrentia
1120 2248 1262 2309 saxis,

182 2329 460 2392 Regnaque
483 2328 570 2378 ubi
593 2329 754 2379 tristes
778 2330 996 2378 habuere
1022 2329 1207 2379 oblivia
1231 2331 1390 2391 sedeS‚

183 2409 431 2460 Faucibus
455 2419 504 2460 et
527 2411 686 2474 patuit
711 2413 1047 2475 quodcunque
1072 2411 1272 2461 inmane
1296 2414 1578 2462 barathrum

182 2491 427 2541 Funditus
450 2491 502 2540 in
526 2508 761 2556 praeceps,
789 2494 1002 2556 lataeque
1027 2493 1265 2542 altissima
1288 2503 1428 2543 terrae

184 2573 429 2634 Culmina‚
458 2583 509 2624 et
531 2575 802 2624 horrendas
828 2575 867 2624 si
893 2591 1004 2638 quae
1031 2575 1207 2625 siluere
1230 2577 1445 2625 latebras

184 2655 589 2706 Raucisonfimve
614 2657 746 2706 intus
770 2659 1071 2707 fremuerunt
1095 2675 1341 2707 murmure
1366 2659 1523 2706 rivum

185 2737 396 2787 Lumine
419 2738 656 2802 replevit:
691 2755 891 2788 necnon
913 2741 1152 2804 juxtaque
1177 2741 1448 2804 proculque
