2028 3230
1079 254 1175 300 432

873 725 1394 785 COLUMBUS.

1132 919 1160 937 ‘⁴
1174 918 1350 957 Venient
1370 918 1487 956 annis

699 981 858 1020 Saecula
878 983 987 1029 seris,
1012 982 1160 1033 quibus
1182 982 1371 1022 Oceanus

698 1045 874 1084 Vincula
893 1059 1026 1085 rerum
1046 1046 1166 1094 laxet,
1193 1053 1233 1085 et
1252 1049 1396 1098 ingens

698 1110 841 1148 Pateat
862 1110 993 1158 tellus,
1020 1110 1258 1162 Tiphysque
1278 1124 1407 1150 novos

696 1174 874 1225 Detegat
894 1174 1024 1222 orbes,
1050 1187 1126 1213 nec
1149 1177 1199 1213 sit
1219 1175 1335 1214 terris

699 1238 859 1277 Ultima
879 1237 1316 1287 Thule.'’—SENECA,
1339 1239 1524 1278 MEDEA.

429 1404 614 1448 PANDE
640 1400 922 1450 Granatiaci
946 1403 1094 1464 longa
1118 1401 1240 1449 atria
1263 1402 1428 1464 pande
1452 1402 1603 1465 palati
1624 1407 1632 1452 Ξ

429 1484 571 1530 Flore
596 1483 739 1542 fores,
767 1498 885 1530 auro
910 1481 1101 1530 niteant
1126 1483 1375 1545 laquearia
1396 1487 1404 1531 Σ
1440 1485 1601 1532 fontes

430 1563 671 1611 Exsiliant
695 1563 887 1612 tremuli
909 1565 952 1623 ³¹²,
980 1563 1258 1627 defletaque
1282 1564 1413 1627 regia
1439 1565 1626 1613 Mauris

428 1647 613 1692 Aurato
638 1645 871 1692 reducem
897 1643 1108 1706 excipiat
1133 1645 1395 1707 splendore
1422 1646 1720 1695 Columbum
1741 1650 1750 1694 1

429 1713 624 1773 Scilicet
648 1725 730 1772 ille
755 1725 939 1773 redux:
975 1724 1061 1772 ubi
1087 1726 1192 1773 laus
1218 1734 1383 1774 tamen
1407 1735 1491 1774 aut
1514 1726 1599 1775 ubi
1625 1728 1790 1775 fama?

430 1807 545 1853 Non
570 1806 774 1853 reduces
799 1805 909 1853 illae.
983 1806 1178 1853 Frustra
1202 1821 1402 1868 aequora
1424 1806 1596 1856 nescia.
1614 1807 1709 1855 veli

428 1886 737 1935 Transierat:
774 1888 947 1934 frustra
970 1886 1103 1934 fulsit
1129 1889 1275 1935 Nova
1299 1889 1464 1948 Terra,
1491 1905 1732 1950 novaeque

427 1968 594 2028 Alpes,
624 1966 911 2029 Pactolique
936 1967 1064 2025 novi,
1095 1969 1286 2029 Tempe
1310 1969 1461 2016 altera
1483 1969 1655 2017 frustra
1676 1989 1684 2017 :

429 2048 623 2093 Frustra
648 2046 854 2095 dimidio
879 2048 1085 2109 depulsa
1109 2047 1292 2109 fugavit
1315 2049 1378 2095 ab
1404 2049 1522 2096 orbe

430 2126 627 2185 Nubila,
657 2127 972 2189 Circaeosque
999 2127 1210 2176 excussit
1234 2127 1434 2176 numine
1459 2144 1673 2187 somnos,

427 2206 619 2267 Janitor
645 2206 876 2268 Hesperii
902 2209 1059 2255 clarus
1084 2206 1228 2254 maris
1255 2207 1611 2270 Hesperiaeque
1632 2229 1641 2257 ε

429 2287 570 2335 Talia
594 2286 712 2349 quid
736 2290 975 2349 prosunt?
1045 2287 1094 2335 Si
1120 2304 1306 2349 quaeras
1331 2287 1531 2349 praemia
1554 2290 1683 2349 facti,

428 2368 646 2430 Adspice
672 2368 914 2416 deflexum
941 2383 1131 2429 corpus,
1159 2384 1408 2430 canosque
1432 2370 1636 2432 capillos

429 2448 659 2511 Adspice,
689 2447 1035 2510 quassantique
1062 2447 1286 2495 sonantia
1302 2451 1333 2505 †
1356 2448 1552 2498 vincula
1575 2467 1734 2513 passu.

483 2582 507 2608 *
536 2583 626 2621 The
659 2581 888 2620 Alhambra
924 2581 965 2619 in
1004 2581 1209 2630 Granada‚
1251 2582 1387 2622 where
1424 2584 1601 2624 Isabella
1647 2587 1829 2625 received

430 2647 656 2685 Columbus
676 2659 729 2685 on
748 2645 812 2684 his
830 2650 966 2684 return
986 2644 1090 2683 from
1108 2644 1171 2683 his
1191 2646 1299 2684 third
1320 2660 1489 2698 voyage.

483 2711 509 2757 †
538 2710 675 2749 Those
703 2710 843 2749 chains
871 2709 1016 2757 which,
1048 2709 1234 2760 imposed
1261 2711 1316 2762 by
1346 2712 1573 2761 Bobadilla,
1600 2713 1827 2753 Columbus

429 2787 557 2812 swore
576 2774 627 2813 he
648 2773 785 2813 would
805 2786 912 2813 wear
931 2773 1017 2812 into
1037 2773 1106 2812 the
1127 2773 1305 2824 Queen’s
1325 2788 1529 2826 presence.
