2028 3230
0 0 22 75 „„3

673 245 853 280 GREEK
891 245 1117 279 IAMBICS.
1560 251 1616 296 19

252 365 477 423 ΔΕΣΠ.
506 367 587 418 Μ.
626 363 874 429 Ῥωμέων
900 364 955 418 δὲ
979 367 1086 418 ποῦ
1110 363 1280 427 ’στίν,·
1322 365 1426 437 ἆρα
1465 367 1616 432 τήμε-

325 471 418 519 ρον
444 451 515 501 σύ
541 469 620 502 νιν

179 529 309 588 εἶδες
335 530 514 604 τυχών
536 552 554 593 ,·
594 528 697 599 ἐγὼ
721 528 824 600 γὰρ
849 528 1042 598 ἥδομαι
1068 529 1280 600 σφόδρα

179 614 410 670 ἄποντος
435 614 599 667 αὐτοῦ
625 612 789 680 τῆσδε
815 612 1100 677 συστάσης
1124 614 1318 686 μάχης.

256 781 428 834 ΒΕΝ.
460 781 736 842 ''Aucto-oa,
763 780 893 850 πρὶν
918 782 978 833 τὸ
1005 780 1207 833 σεπτὸν
1232 779 1388 846 ἡλίου
1414 782 1549 850 φάος

177 863 410 923 σκοπίας
436 863 567 935 ἑῴας
591 864 825 936 χρυσέας
848 866 1102 917 λεύσσειν
1127 863 1250 920 ἄπο,

178 946 341 1011 θυμὸς
365 947 653 1020 ταραχθεὶς
679 948 889 1018 ὅρθριόν
913 947 966 1014 μ’
994 948 1280 1014 ἀπήλασεν

177 1029 526 1098 πλανώμενον
551 1028 659 1083 τότ’
689 1030 916 1088 εὐσκίοις
943 1033 1129 1086 συκαῖς
1155 1030 1260 1083 ὕπο

178 1112 314 1182 πρὸς
340 1112 437 1178 τὴν
462 1111 557 1165 ἀπ’
583 1112 786 1169 ἄστεως
814 1113 1047 1182 ἑσπέραν
1075 1112 1380 1184 ἱδρυμέναις.

183 1195 321 1249 οὕτω
347 1195 403 1248 δὲ
427 1197 548 1266 πρῲ
573 1196 671 1248 σὸν
696 1195 809 1250 υἶον
833 1195 1090 1266 ἀθρήσας,
1119 1195 1285 1267 τάχος

181 1277 396 1332 σπεύδω
422 1277 556 1349 πρὸς
582 1279 757 1340 αὐτὸν,
786 1279 911 1332 ἀλλ’
942 1278 1064 1332 ἰδὼν
1088 1277 1331 1347 παρόντα
1354 1299 1420 1345 με

179 1362 310 1426 ὕλης
335 1361 652 1415 ὑπεισέδυσε
677 1361 771 1419 τὰς
795 1363 998 1419 πυκνὰς
1024 1362 1194 1418 σκιάς.

181 1443 328 1513 κάγὼ
353 1443 420 1497 τὰ
447 1444 618 1498 κείνου
642 1449 750 1502 τοῖς
777 1447 916 1511 ἐμοῖς
942 1444 1288 1517 μετρούμενος

182 1525 453 1593 θελήματ’,
482 1528 681 1601 ἄσχολ’
707 1529 835 1581 ὄντα
861 1527 923 1594 δὴ
947 1526 1189 1597 μάλισθ’,
1217 1529 1345 1579 ὅταν

181 1609 346 1682 χωρὶς
370 1610 650 1676 μονωθέντ’
677 1610 711 1682 ᾗ
736 1612 982 1676 μάλιστα
1008 1614 1113 1665 τῶν
1138 1610 1323 1674 πέλας,

183 1691 418 1764 στέργων
445 1693 655 1766 ἔθρεψα
680 1694 826 1763 τάμά
849 1693 898 1762 γ’
926 1694 1281 1762 ἐνθυμήματα.

177 1774 355 1845 μεθεὶς
380 1774 448 1828 τὰ
474 1777 658 1841 κείνου,
688 1776 828 1848 κᾷτα
853 1777 944 1832 τὸν
971 1778 1234 1848 φεύγοντά
1258 1799 1324 1844 με

181 1858 379 1928 ἔφυγον
405 1859 537 1913 ἑκὼν
563 1859 765 1914 ἑκόντα.

253 2026 449 2078 MON.
836 2027 1120 2083 Πολλάκις
1144 2025 1193 2093 γ’
1222 2026 1328 2079 ἐκεῖ

178 2107 371 2164 ἐκεῖνος
397 2108 566 2179 ὤφθη,
594 2111 713 2180 πρῷ
736 2108 865 2175 μάλ’
894 2108 1125 2178 ὑδρηλὴν
1150 2109 1342 2180 δρόσον

178 2194 422 2262 πικροῖσι
446 2191 662 2258 μέλλων
688 2190 931 2259 αὐξάνειν
958 2191 1302 2263 δακρύμασιν,

179 2272 353 2339 ἄρδων
376 2273 795 2343 βαρυστόνοισιν
820 2275 1097 2342 ἄσθμασιν
1122 2275 1266 2348 νέφη.

179 2354 310 2410 ὅταν
336 2355 392 2409 δὲ
416 2359 629 2425 πρῶτον
654 2357 808 2422 ἡλίου
833 2359 1057 2428 τερπνὸν
1083 2359 1218 2430 φάος

180 2437 406 2492 σκιόεντ’
433 2439 643 2510 ἀφέλκῃ
669 2444 760 2508 τῆς
778 2441 899 2495 *Έω
923 2441 1118 2514 λέχους
1143 2442 1251 2495 ἄπο

181 2523 237 2577 ἐν
261 2522 512 2580 ἀντολαῖς
537 2526 652 2581 ταῖς
677 2523 903 2590 τηλόθεν
928 2524 1268 2593 καλύμματα,

181 2601 392 2674 φεύγων
416 2604 476 2658 τὸ
502 2608 614 2674 φῶς
640 2605 839 2660 οἶκόνδε
863 2613 990 2666 παῖς
1015 2609 1172 2677 οὑμὸς
1194 2607 1366 2677 βαρὺς

183 2685 432 2755 θαλάμου
454 2688 706 2755 μονωθεὶς
731 2691 786 2743 ἐν
809 2692 966 2763 μυχῷ
992 2689 1338 2758 κατείργεται,

183 2768 318 2840 φάος
345 2768 400 2822 δὲ
423 2771 679 2841 λαμπρὸν
701 2773 776 2841 μή
802 2772 922 2826 ποτ’
950 2773 1089 2844 εἰσίῃ
1117 2773 1303 2841 δόμους

1312 2871 1340 2903 c
