2028 3230
809 266 1121 302 CLEOPATRA.
1576 269 1638 312 42
1654 269 1667 299 1

257 392 363 440 Stat
388 388 530 438 Pario
555 389 770 452 perfecta
793 388 971 437 domus
995 389 1059 437 de
1083 402 1608 435 marmore-—marmor

260 473 394 520 Leve
418 471 575 551 solum
602 471 782 530 subter,
810 485 956 532 supra
979 467 1227 531 laquearia
1250 483 1464 516 marmor
1486 487 1495 516 ε

260 551 471 616 Prodiga
493 550 713 615 regificas
738 549 956 599 ostendit
980 549 1126 612 copia
1148 565 1304 613 gazas.

326 713 523 764 Scilicet
570 714 701 762 hunc
750 712 870 762 colit
918 712 1024 776 ipsa
1070 713 1251 772 locum,
1295 721 1400 761 sata
1442 711 1677 776 sanguine

393 811 578 858 regum,

261 876 484 926 Emathis
502 878 531 908 ²¹¹²
558 875 706 925 Isiaci
730 892 912 939 praeses
938 876 1205 939 Cleopatra
1230 875 1424 938 Canopi
1447 894 1460 935 3

261 959 355 1006 Illa
377 974 539 1007 rosam
563 956 729 1020 specie
754 958 903 1006 fertur
927 973 1196 1020 superasse,
1225 958 1403 1005 salutat

261 1040 412 1103 Siqua
437 1039 584 1099 diem,
611 1055 844 1101 roresque
869 1038 1008 1099 bibit,
1036 1054 1188 1100 seque
1214 1038 1427 1100 explicat
1451 1039 1579 1086 ultro
1598 1057 1608 1097 3

261 1123 635 1185 Replenturque
659 1135 788 1168 aurae
813 1121 982 1179 forma,
1009 1120 1259 1182 replentur
1283 1119 1447 1168 odore.

261 1204 350 1252 Est
374 1218 574 1274 quoque
599 1202 692 1250 dos
716 1200 786 1249 illi
813 1198 1130 1266 (perhibent),
1158 1199 1402 1248 uberrima
1426 1199 1615 1263 linguae,

237 1285 355 1333 -Seu
379 1282 594 1346 liquidos
619 1282 718 1332 ciet
742 1281 826 1329 illa
850 1281 1042 1340 modos,
1071 1297 1156 1330 seu
1181 1297 1304 1330 voce
1329 1297 1512 1329 canora

262 1364 465 1413 Mobilis
490 1363 714 1412 insolitas
739 1362 1033 1426 conprendit
1058 1362 1224 1425 lingua
1248 1363 1489 1424 loquellas
1510 1382 1517 1409 :

261 1448 378 1495 Non
404 1445 474 1494 sic
497 1444 667 1493 nescio
693 1461 792 1507 qua
814 1444 981 1507 patriis
1003 1434 1269 1492 'dulcedine
1295 1443 1345 1491 in
1370 1444 1496 1492 arvis

260 1526 476 1591 Mystica
500 1527 750 1575 Phoebeos
776 1527 961 1574 mulcet
985 1527 1086 1589 lyra
1113 1525 1399 1574 Memnonis
1424 1534 1570 1574 ortus.

260 1607 501 1672 Dispositi
526 1607 631 1656 sine
656 1608 763 1671 lege
787 1608 958 1667 fluunt,
985 1606 1141 1655 nitida
1164 1608 1311 1667 unda,
1339 1607 1517 1670 capilli,

259 1690 663 1752 Perfunduntque
681 1690 925 1748 humeros,
949 1697 997 1737 et
1022 1689 1206 1736 circum
1226 1698 1460 1751 tempora,
1491 1689 1670 1736 circum

257 1770 499 1820 Ridentes
523 1771 707 1830 oculos,
737 1771 945 1819 tremulo
971 1769 1228 1818 molimine
1252 1770 1441 1818 ludunt.

256 1854 407 1902 Stella
424 1853 558 1901 velut
581 1851 803 1911 Veneris,
834 1851 979 1900 solito
1003 1851 1275 1910 formosior,
1303 1851 1439 1914 ignes

259 1932 507 1996 Hesperio
525 1931 754 1981 accendit
778 1933 916 1991 caelo,
945 1931 1198 1980 sublustris
1223 1932 1288 1980 ad
1312 1931 1462 1980 instar

259 2012 540 2076 Lampadis,
569 2022 617 2061 et
641 2012 829 2060 levibus
855 2011 1058 2075 cingens
1084 2029 1170 2060 sua
1195 2011 1410 2061 nubibus
1435 2029 1522 2060 ora

255 2093 626 2156 Semiadoperta
649 2092 813 2152 micat,
843 2092 1023 2140 nitidas
1050 2093 1349 2156 hebetatque
1376 2109 1576 2142 sorores.

326 2255 427 2304 Hei
450 2255 599 2304 mihi!
636 2266 822 2319 quanta
849 2255 1005 2304 virum
1030 2255 1230 2319 decepit
1254 2257 1405 2305 corda
1430 2258 1590 2319 puella
1616 2261 1622 2302 ἕ

256 2338 331 2385 Te
355 2335 567 2399 quoque,
594 2347 643 2387 tc
670 2347 786 2387 ante
812 2353 1000 2398 omnes,
1023 2337 1355 2387 infelicissime
1381 2340 1481 2386 fato
1506 2341 1513 2384 Σ

257 2417 473 2466 Antoni!
511 2418 909 2469 Pellax-——nescis
935 2420 1031 2468 heu
1057 2419 1246 2482 perdite
1266 2420 1545 2468 3—-Siren

257 2499 297 2546 F
300 2497 487 2547 ascinat
505 2509 754 2549 amentem
778 2519 786 2548 :
812 2517 914 2550 non
935 2502 1042 2549 haec
1059 2501 1241 2549 circum
1259 2503 1428 2550 oscula
1447 2501 1667 2562 pendens

257 2581 516 2629 Terrueras
541 2579 758 2643 trepidos
784 2581 956 2630 victori
983 2584 1144 2631 Marte
1171 2582 1454 2644 Philippos:

313 2738 339 2765 ὓ
367 2738 591 2792 Cleopatra
624 2753 709 2779 was
742 2739 810 2779 the
839 2739 916 2780 last
942 2741 988 2781 of
1022 2741 1092 2781 the
1123 2741 1399 2781 Macedonian
1429 2742 1600 2794 dynasty
1634 2747 1669 2782 ἰιι

262 2804 410 2856 Egypt.

888 2885 918 2918 E
954 2888 980 2919 e
1021 2888 1046 2918 2
