2028 3230
339 243 438 302 448
552 254 782 300 N1coLA1‚
822 249 1101 288 RUSSORUM
1139 254 1304 299 REGIS,
1346 254 1550 290 OBITUS.

340 374 474 436 Quid
499 377 680 423 Pacem
704 377 962 423 memoro?
1032 377 1264 423 Perculso
1289 374 1412 438 fugit
1435 377 1500 423 ab
1525 375 1645 424 orbe

344 459 406 504 Et
431 457 571 505 sedet
594 455 645 504 in
670 457 792 504 caelo
817 459 825 503 Ξ
871 455 1073 518 quando
1105 472 1324 518 unquam
1356 454 1407 503 in
1439 464 1608 505 nostra
1631 455 1755 506 redi-

475 535 549 586 bit

344 617 573 667 Limina?
617 618 818 681 quando
842 634 1060 681 unquam
1084 617 1403 667 redeuntibus
1435 619 1618 668 aethera
1640 633 1758 682 pen-

478 699 555 746 nis

345 779 564 828 Pulsabit
588 778 793 828 veniens
808 782 830 827 ?
865 778 1044 827 nostris
1068 795 1132 827 ne
1158 795 1351 842 semper
1373 781 1437 827 ab
1463 778 1559 827 oris

344 859 570 923 Fugerit!
612 862 760 909 Heu!
800 859 1032 908 miserum
1065 861 1196 908 mala
1220 876 1330 923 quae
1366 860 1477 909 tulit
1514 859 1671 909 hostis
1708 859 1759 908 in

478 943 648 990 orbem
677 944 686 988 Ξ

346 1026 492 1071 Nunc
513 1024 646 1084 jacet
670 1022 720 1070 in
746 1024 934 1071 tumulo
959 1041 968 1070 :
1012 1039 1097 1070 eur
1121 1022 1264 1071 inrita
1284 1022 1443 1085 jurgia
1463 1024 1655 1085 jactant

347 1107 411 1152 Et
435 1103 573 1151 vanis
597 1103 823 1152 homines
847 1103 1075 1166 precibus
1101 1102 1205 1151 sine
1230 1104 1328 1152 fine
1353 1102 1559 1166 fatigant

347 1184 600 1233 Numina?
627 1183 762 1246 Quid
785 1192 923 1232 tanta
946 1185 1052 1231 haec
1078 1185 1289 1232 fundunt
1313 1183 1573 1233 convicia?
1595 1183 1759 1231 vivum

348 1265 645 1314 Pertimuere
670 1264 806 1312 illum
829 1283 838 1311 z
872 1281 1004 1312 nunc
1029 1281 1180 1326 quum
1205 1264 1322 1328 legit
1346 1281 1459 1314 ossa
1482 1265 1760 1328 sepulcrum

349 1347 695 1395 Dedecorant:
761 1347 790 1370 “
810 1344 1112 1407 Scelerisque
1170 1345 1316 1394 ultrix
1376 1344 1482 1405 erit,
1532 1344 1756 1407 inprobe,

482 1426 647 1476 tanti.''

351 1511 490 1556 Mors
515 1516 616 1556 erat
640 1506 746 1570 ipsa
769 1506 914 1555 ultrix
938 1511 946 1554 1
986 1515 1094 1555 esto
1119 1511 1127 1555 Ξ
1170 1507 1309 1556 sedet
1332 1522 1458 1555 unus
1481 1506 1546 1554 ad
1570 1520 1742 1553 urnam

348 1588 566 1651 Adspice
587 1591 596 1636 1
636 1587 922 1647 caelicolum,
951 1597 1000 1636 et
1025 1586 1229 1649 suspiria
1253 1586 1405 1635 tristia
1429 1587 1614 1635 ducens

354 1675 380 1697 ‘⁴
406 1674 465 1719 In
491 1669 679 1719 cineres
706 1669 934 1719 sileamus
955 1670 990 1718 :'’
1023 1668 1090 1718 ait
1111 1689 1121 1717 ι
1156 1672 1184 1694 “
1204 1671 1340 1718 Deus
1365 1667 1545 1717 ‘arbiter
1568 1659 1716 1730 ip'se.”

1260 1832 1310 1878 L.
1341 1832 1397 1879 A.
1426 1830 1516 1889 W.,
1553 1830 1691 1892 1855.
