2028 3230
680 259 856 294 GREEK
895 259 1120 294 IAMBICS.
1517 263 1615 309 349

193 379 331 446 ἥβης
355 381 592 451 «γέροντα,
621 384 716 434 τοῦ
740 401 798 433 τε
822 381 950 452 πρὶν
974 379 1210 437 κάλλους
1237 378 1454 433 σποδόν.

193 460 274 533 ἆρ’
302 463 393 516 οῦν
417 462 644 517 ἄποινάν
668 485 760 537 μοι
785 461 939 515 σέθεν
964 463 1290 534 τούράσμιον

193 546 397 602 κάλλος
422 545 673 606 δίδωσιν;
713 546 971 618 ἀρ’γυροῦς
998 543 1040 598 δ’
1067 543 1242 616 ἀστὴρ
1269 544 1440 601 πέλας

193 631 298 682 τῶν
324 633 435 683 σῶν
459 629 756 702 τρεμόντων
783 629 1031 700 φαίνεται
1057 625 1121 680 δι’
1148 628 1417 696 ὀμμάτων,

192 713 321 778 ἐμοῦ
346 713 606 780 λέγοντος,
628 711 868 780 δακρύοις
893 710 1254 783 πεφυρμένων.

192 798 306 851 ἀνθ’
332 798 405 852 ὧν
429 798 582 864 μεθές
605 820 686 868 με·
725 798 891 869 δῶρον
916 799 1199 863 ἀναλαβοῦ
1223 797 1284 851 τὸ
1310 798 1422 850 σόν.

191 881 250 936 τί
266 881 371 953 «γὰρ
396 882 584 936 παθών
608 903 689 940 τις
714 881 983 953 διαφέρειν
1007 883 1154 953 μέρει
1178 881 1280 935 τινὶ

191 964 468 1035 ἄνθρωπος
492 967 565 1020 ὢν
587 964 832 1031 βούλοιτ’
858 965 924 1018 ἂν
948 965 1245 1037 ἀνθρώπων
1269 964 1465 1031 Ὑένους,

189 1052 360 1121 περᾶν
383 1070 442 1103 τε
465 1047 633 1120 τέρμα
657 1049 790 1119 πρὸς
816 1049 948 1102 θεῶν
973 1048 1302 1121 εἱμαρμένον,

192 1131 254 1186 οὗ
276 1137 416 1206 χρῆν
441 1133 690 1205 ἐπισχεῖν
714 1133 937 1194 πάντας,
966 1132 1035 1190 ὡς
1060 1136 1233 1186 πᾶσιν
1257 1131 1451 1204 πρέπει
1471 1156 1487 1194 ;

191 1216 281 1270 καὶ
303 1215 408 1285 μὴν
433 1214 617 1285 διούγει
641 1219 851 1283 πνεῦμα
874 1216 1157 1284 μαλθακὸν
1183 1215 1352 1287 νέφος..

192 1299 397 1372 στείχει
421 1298 464 1352 δ’
491 1299 755 1370 ἀφεὙὙοῦς
780 1300 928 1371 ὄψις,
956 1297 1059 1352 ἔνθ’
1086 1299 1230 1372 ἔφυν,
1260 1299 1466 1371 χθονός.

190 1383 364 1450 ὦγνῶν
389 1382 445 1435 δὲ
469 1385 575 1436 τῶν
601 1385 714 1436 σῶν
739 1380 949 1454 ὀφρύων
974 1381 1124 1439 αὖθις
1151 1382 1210 1436 τὸ
1237 1382 1366 1454 πρὶν

193 1465 360 1519 δεινὸν
385 1465 551 1523 σέλας
573 1464 628 1534 μ’
656 1465 879 1532 ὑπῆλθε,
907 1469 1000 1532 τῆς
1026 1464 1072 1517 θ’
1099 1466 1262 1533 ἁὙνῆς
1288 1465 1450 1533 δέρης,

192 1549 410 1605 κόλπων
435 1547 496 1611 τ’,
525 1549 579 1602 ἐν
605 1549 682 1608 οἷς
707 1547 961 1602 καινωθὲν
986 1547 1214 1602 ἅλλεται
1240 1549 1381 1619 κέαρ.

191 1633 224 1699 ἡ
249 1631 292 1686 δ’
319 1632 388 1687 αὖ
408 1631 604 1702 παρειὰ
628 1631 714 1685 διὰ,
741 1634 912 1702 νεφῶν
939 1630 1291 1702 φοινίσσεται·

191 1715 266 1768 τὼ
291 1715 373 1768 σὼ
398 1714 454 1770 δὲ
477 1714 716 1786 βραδέως
740 1716 875 1768 ὄσσε
899 1718 1011 1769 τοῖν
1037 1715 1182 1782 ἐμοῖν
1207 1715 1378 1771 πέλας

192 1798 530 1867 ἐκλάμπετον
557 1802 662 1860 νῦν,
689 1798 817 1868 πρίν
843 1797 892 1866 ’γ’
919 1798 1241 1870 ἀποκρύψαι
1268 1799 1404 1869 φάος

192 1881 407 1954 ἄστρων
430 1882 698 1955 ἀμαύρων,
726 1882 855 1953 πρὶν
880 1881 936 1935 δὲ
962 1880 1081 1939 τοὺς
1107 1881 1457 1953 σειραφόρους

193 1966 253 2019 τὸ
279 1966 377 2020 σὸν
404 1965 556 2035 ζυγὸν
580 1966 878 2022 ποθοῦντας
905 1964 1140 2034 ἐξελθεῖν
1163 1967 1357 2037 λεχῶν·

195 2049 381 2116 ἥξουσι
404 2048 509 2121 «γὰρ
536 2049 764 2107 σείοντες
791 2050 849 2103 ἐκ
873 2052 1078 2122 χαιτῶν
1104 2046 1314 2102 σκότον·

193 2132 286 2186 τόν
310 2131 355 2185 τ’
382 2132 572 2204 ὄρθρον
598 2133 653 2186 ἐν
677 2132 974 2204 σπινθῆρσι
1001 2131 1278 2201 θραύοντες
1303 2129 1483 2202 πυρός,

1104 2302 1170 2349 H.
1204 2302 1263 2348 R.
1295 2302 1366 2359 P„
1405 2301 1546 2362 1865.
