2028 3230
622 258 799 292 GREEK
837 256 1204 291 HEXAMETERS.
1559 259 1578 289 Ι
1587 255 1614 306 5
1621 259 1647 303 3

219 376 421 451 χειμὼν
444 376 676 448 ὀκρυόεις
700 374 930 444 πήγνυσ’
957 374 1068 443 αἷμ’
1097 373 1223 442 ἠΰτε
1246 372 1444 446 ῥεῖθρα,

220 458 327 515 οὔτ’
354 458 436 531 ἄρ’
461 459 659 526 ἀνιάζει
682 462 752 528 «γῆ
776 456 1066 528 πετρήεσσ’
1095 455 1373 529 ἀρότηρας.

219 542 279 596 εὖ
303 542 360 597 δὲ
385 542 662 611 διατμήΎει
685 540 990 608 βαθυλήιον
1015 539 1170 598 οὖδας
1196 538 1421 610 ἄροτρον

219 624 344 693 ἠΰτε
368 629 511 694 κῦμα
536 624 739 695 τρόπις·
777 625 922 696 ῥοιαί
943 645 1001 677 τε
1025 624 1156 692 μάλ’
1184 621 1559 691 ἀγλαόκαρποι

219 714 470 763 παντοῖαι
493 707 768 781 πεφύασιν
793 706 1085 774 ἐπηετανὸν
1108 704 1397 775 «γανόωσαι,

219 791 308 844 καὶ
333 791 542 859 βοτάνη
567 790 614 864 ῥ’
642 791 721 844 ἔτι
746 795 936 844 πλεῖον
963 791 1014 859 ἴῃ
1040 788 1115 842 ἐνὶ
1142 787 1291 842 νυκτὶ
1316 786 1538 853 τέθηλεν

218 873 313 942 ἥτε
339 874 485 944 θέρος
509 873 680 928 τίκτει
704 874 850 940 ὑμῶν
876 874 931 927 ἐν
955 871 1174 943 πατρίδι
1198 870 1339 939 Ὗαίῃ·

220 956 348 1011 ἔνθα
371 979 430 1012 τε
454 955 602 1011 κᾶνθ’
622 957 816 1025 ἀνγέλαι
841 954 953 1026 τῇδ’
972 955 1282 1022 ἠλάσκουσι
1307 950 1424 1007 κατ’
1445 950 1652 1023 ἀτγροὺς,

219 1039 428 1094 πολλαὶ
452 1039 772 1113 ἀπειρέσιαι·
811 1038 1135 1111 παράκειται
1161 1036 1204 1089 δ’
1232 1033 1402 1090 ἐνθάδ’
1430 1034 1630 1105 ἄρουρα

218 1124 631 1192 βουλομένοισιν
657 1122 892 1183 ἑλέσθαι,
921 1121 995 1175 ἐνὶ
1021 1120 1063 1173 δ’
1092 1119 1171 1174 ἔτι
1198 1119 1416 1176 δάσκιος
1442 1118 1545 1183 ὕλη

218 1206 484 1262 πάντοθεν
503 1207 560 1261 εὖ
580 1206 774 1260 θάλλει
793 1205 883 1259 καὶ
903 1204 1114 1275 δένδρεα
1130 1202 1313 1275 μάκρα
1332 1202 1655 1273 πέφυκεν.-

220 1289 348 1344 ἔνθα
373 1289 431 1344 κε’
455 1312 535 1348 τις
559 1290 741 1361 κόψας
766 1311 825 1342 τε
849 1287 1191 1355 πελεκκήσας
1216 1285 1261 1338 τ’
1289 1285 1394 1356 ἄρα
1419 1286 1614 1358 χαλκῷ

219 1372 429 1445 ῥηϊδίως
453 1373 650 1440 τεύξειε
674 1372 863 1440 δόμους
889 1370 1302 1427 εὐναιετάοντας·

220 1456 390 1527 αὐτὰρ
435 1456 551 1510 ἐπεὶ
595 1455 719 1523 τό-’γε
759 1454 809 1523 γ’
851 1455 1007 1526 ἔρτγον
1050 1454 1164 1527 ἔχει
1203 1453 1373 1514 τέλος,
1413 1451 1563 1504 ἀλλά
1607 1450 1651 1505 τ’

364 1539 551 1594 ἔπειτα

222 1622 464 1692 ξανθοῖσι
489 1620 831 1695 σταχύεσσιν
856 1620 913 1674 ἐῢ
937 1620 1268 1693 φρίσσουσιν
1293 1617 1526 1690 ἀρούραι,

221 1705 429 1762 οὗτότε
452 1703 753 1772 τηλεδαπὸς
778 1703 964 1775 κρείων
989 1701 1129 1772 δόλῳ
1156 1700 1273 1754 οὐδὲ
1297 1700 1492 1771 βίηφιν

220 1789 479 1859 σταθμῶν
504 1787 749 1857 ἐξελάσει
774 1785 937 1841 καίων
962 1786 1101 1839 κάτα
1126 1783 1346 1852 δώματα
1371 1783 1530 1845 καλὰ,

220 1872 474 1945 ἁρπάζων
498 1893 556 1925 τε
580 1870 728 1938 βόων
751 1870 950 1939 ἀτγέλας
975 1869 1065 1923 καὶ
1093 1869 1212 1940 ἴφια
1235 1868 1437 1936 μῆλα.”

208 1955 319 2015 “sse
345 1955 450 2027 ἄρα
474 1953 729 2027 φωνήσας
756 1957 963 2008 καπνοῦ
988 1952 1142 2024 νέφος
1166 1953 1261 2019 ἧκε
1285 1949 1546 2024 χολωθεὶς

221 2038 288 2093 ἀν
311 2039 472 2111 ῥῖνας,
499 2037 738 2109 στιβαρή
765 2036 810 2090 τ’
839 2036 944 2108 ἄρα
967 2035 1087 2109 χεὶρ
1114 2035 1363 2089 ἐνέπιπτε
1387 2034 1632 2104 τραπέζῃ,

222 2121 488 2188 δούπησεν
514 2120 569 2174 δὲ
593 2118 838 2186 πεσοῦσ’,
867 2118 919 2172 οἱ
942 2118 996 2171 δὲ
1023 2117 1216 2190 φρένας
1241 2116 1535 2183 ἐπτοίηθεν,

221 2205 292 2264 ὣς
317 2204 360 2258 δ’
382 2204 408 2258 ὁ
433 2205 601 2275 «γέρων
629 2202 789 2276 ἱερεὺς
813 2201 938 2274 αἶψ’
965 2201 1197 2272 ἀτρέμας
1223 2199 1336 2275 εἶχε
1361 2197 1615 2265 τεθηπώς·
