2028 3230
923 232 1016 278 441

267 857 677 929 NICOLAI,
772 857 1285 918 RUSSORUM
1385 859 1678 928 REGIS,

795 965 1162 1026 OBITUS.

643 1161 675 1179 “
689 1159 769 1199 But
789 1159 1005 1211 yesterday
1023 1172 1048 1198 a
1070 1159 1195 1210 King‚

433 1223 534 1263 And
555 1225 697 1264 armed
716 1223 818 1264 with
839 1223 973 1275 Kings
992 1231 1036 1263 to
1055 1223 1459 1264 strive.”—BYRON.

262 1386 470 1435 PANDrr
496 1388 849 1451 Hyperboreas
877 1386 1090 1435 Petrinia
1113 1386 1246 1450 regia
1269 1397 1436 1450 portas
1455 1406 1468 1448 3

258 1466 559 1517 Conticuere
583 1467 676 1517 viae
694 1484 708 1528 3
740 1467 898 1531 glacie
923 1467 1045 1530 riget
1070 1468 1291 1531 undique
1318 1471 1462 1517 Neva
1482 1488 1490 1516 :

259 1549 367 1598 Flet
391 1548 577 1597 circum
602 1549 828 1612 populus,
858 1548 1093 1611 tacitique
1119 1549 1169 1596 in
1193 1558 1395 1612 pectore
1420 1558 1653 1598 mussant.

256 1629 384 1692 Quis
403 1630 547 1679 dolor
564 1629 682 1679 hic?
718 1629 1012 1678 miseramne
1033 1630 1138 1679 dies
1164 1631 1273 1679 tulit
1295 1631 1451 1679 altera
1471 1632 1676 1689 cladem,

259 1712 324 1760 Et
347 1727 507 1760 novus
532 1713 680 1760 Alma
703 1713 863 1760 undas
885 1711 1107 1760 devolvit
1131 1712 1369 1775 sanguine
1392 1714 1562 1762 rubras
1576 1715 1599 1761 ?

255 1795 348 1842 Ast
373 1792 457 1842 ubi
485 1794 631 1842 Rex?
667 1793 752 1842 ubi
777 1793 862 1856 qui
888 1794 1138 1842 crudelem
1164 1794 1330 1843 militis
1355 1795 1475 1863 iram

258 1874 525 1935 Barbarici‚
555 1884 710 1938 atque
734 1875 928 1923 animos
951 1875 1158 1923 deleniit
1181 1892 1266 1924 ore
1292 1877 1479 1924 feroces
1493 1878 1516 1924 ?

256 1957 369 2006 Rex
392 1955 495 2015 ubi,
522 1972 678 2019 quem
703 1973 807 2004 non
834 1956 914 2005 ille
937 1956 1046 2005 dies
1064 1959 1092 1988 ²¹²
1117 1973 1218 2005 non
1242 1957 1440 2006 horrida
1462 1959 1615 2006 telum

252 2036 450 2086 Terruit
475 2037 832 2086 instructorum
856 2036 1027 2086 acies?
1060 2038 1300 2087 meruitne
1320 2038 1518 2101 quietos

253 2117 398 2180 Quos
426 2127 576 2167 antea
599 2119 738 2166 vultu
762 2118 1049 2181 perfregerit
1074 2118 1178 2182 ipse
1203 2121 1446 2168 rebelles?

253 2199 358 2248 Cur
380 2197 553 2248 iterum
581 2200 740 2262 plorat
763 2198 1025 2262 geminatis
1051 2201 1194 2248 turba
1216 2200 1482 2262 querellis?

253 2277 506 2342 Adspice!
543 2279 607 2328 ad
629 2289 908 2329 extremum
933 2280 1098 2342 prodit
1123 2282 1186 2329 de
1211 2280 1380 2329 limine
1405 2290 1603 2338 coetum,

256 2359 625 2423 Maerentesque
651 2360 779 2410 inter
801 2362 1016 2424 populos
1039 2371 1091 2411 et
1116 2363 1264 2425 longa
1287 2364 1517 2411 feretrum

252 2438 468 2503 Agmina
491 2450 741 2503 portatur:
778 2442 915 2490 taciti
940 2442 990 2490 in
1014 2443 1185 2491 tellure
1211 2442 1415 2505 repostis

256 2518 580 2568 Inlacrimant
604 2521 773 2582 oculis,
804 2532 1106 2586 questusque
1131 2524 1195 2571 ad
1220 2523 1381 2570 sidera
1406 2523 1593 2570 tollunt.

256 2599 428 2650 Prodit
450 2602 516 2650 ab
541 2611 761 2652 extrema
781 2603 923 2653 miles
948 2604 1219 2653 comitante
1246 2613 1455 2663 caterva,

311 2748 338 2775 ⁶
364 2748 458 2788 The
476 2749 559 2801 day
578 2749 626 2789 of
637 2750 704 2790 his
719 2752 946 2801 accession,
971 2753 1092 2792 when
1116 2753 1184 2792 the
1202 2751 1376 2792 soldiers
1396 2752 1590 2792 rebelled.
