2028 3230
680 278 859 313 GREEK
898 278 1123 315 1AM131cs.
1525 273 1585 319 28
1601 289 1611 319 ι

192 395 242 450 εἰ
264 394 308 450 δ’
335 395 426 451 οὖν
442 397 486 462 *‚
515 395 544 450 ὃ
565 396 641 466 μὴ
666 398 886 466 νγένοιτο,
916 398 1130 472 Γαλλίᾳ
1157 400 1315 470 φόνος

193 478 348 534 ἔστω·
387 478 458 533 σὺ
482 478 525 533 δ’
552 480 624 539 εἰς
641 479 952 547 ”Ολυμπον,
979 481 1196 556 Εἰρήνη,
1225 485 1437 554 τρέπου,

192 564 288 624 ἕως
313 566 474 639 ὕβριν
496 589 601 634 μοι,
631 570 706 638 τῷ
731 567 864 621 θεῶν
887 568 1168 639 ἀλάστορι,

192 648 568 718 ὀφλισκάνωσι
593 649 853 717 δυσσεβῆ,
881 650 1013 721 πρὸς
1039 652 1112 706 ὧν
1137 651 1208 705 σὺ
1233 651 1296 718 δὴ

191 729 279 784 ὧδ’
305 730 378 788 εἰς
395 731 688 800 Ὄλυμπον
709 734 871 803 «γῆθεν
896 735 1238 803 ἐξελήλασαι.

264 898 417 950 ΦΙΛ.
465 896 539 952 Ἥ
605 897 648 951 δ’
711 898 947 969 Ἀ’γνγλιά
1011 904 1103 955 νῦν
1168 900 1347 955 θεόθεν
1413 901 1616 972 εἰρήνης

335 979 506 1053 τύχοι,

192 1064 284 1118 ἐάν
307 1087 369 1133 «γε
393 1063 643 1133 πόλεμος,
672 1065 842 1120 ἐνθάδ’
868 1067 937 1121 αὖ
961 1067 1342 1139 παλίντροπος,

191 1148 299 1201 ἐκεῖ
320 1146 437 1201 κατ’
463 1147 721 1220 εἰρηναῖον
746 1149 937 1221 οἶκήσῃ
963 1149 1135 1217 δόμον.

191 1228 225 1296 ἦ
249 1229 354 1301 ’γὰρ
380 1234 640 1303 φιλοῦμεν
662 1230 942 1302 ἈὙὙλίαν·
982 1234 1151 1300 κείνης
1176 1234 1340 1308 χάριν

118 1382 121 1384 -
195 1312 434 1384 ἶδροῦμεν
459 1313 558 1367 ὧδε
583 1314 677 1382 ξὺν
701 1315 860 1386 βάρει
885 1317 1208 1374 πανοπλίας·

193 1396 288 1450 σοι’
305 1395 355 1463 «γ’
381 1396 449 1450 ἂν
471 1396 627 1464 μέλοι
651 1402 887 1461 τοιαῦτα,
914 1400 1052 1472 κούχ
1075 1401 1215 1468 ἡμῖν·
1257 1399 1328 1453 σὺ
1353 1399 1407 1454 δὲ

193 1482 448 1533 τοσοῦτον
471 1479 694 1554 ἀπέχεις
718 1485 811 1535 τοῦ
836 1482 1160 1554 Βρεταννίαν
1185 1487 1378 1554 φιλεῖν,

193 1561 322 1617 ὥστ’
348 1562 564 1630 ἔννομόν
588 1563 637 1633 «γ’
662 1563 867 1620 ἄνακτα
891 1566 1200 1635 προῦδωκας
1225 1568 1412 1630 κακῶς,

193 1643 284 1698 εἶτ’
311 1645 541 1712 ἐξέωσας
565 1646 685 1706 τοὺς
709 1648 1078 1720 μεθυστέρους,
1105 1649 1240 1703 ὅτων

193 1729 475 1797 ἐπαξιοῦσι
499 1730 796 1803 λαγχάνειν
819 1732 1000 1800 «γένους
1026 1731 1179 1794 κάτα,

192 1810 286 1865 εἶθ’
312 1813 382 1869 ὡς
406 1811 534 1884 παρ’
561 1812 710 1867 οὐδὲν
736 1813 927 1881 νήπιον
952 1814 1114 1872 τιθεὶς
1139 1814 1323 1879 σέβας,>

191 1895 289 1960 τὴν
311 1895 628 1966 παρθενείαν
653 1897 885 1969 ὕβρισας
910 1897 1228 1970 τυραννίδος.

194 1976 319 2031 ἰδού·
358 1979 496 2051 κάρα
523 2000 612 2032 σοι
638 1980 869 2052 Γεφρίου
892 1981 1121 2044 βλέπειν
1145 1981 1310 2053 πάρα’

192 2060 364 2115 κείνου
387 2059 501 2115 τάδ’
526 2061 738 2131 ὄμμαθ’,
765 2062 875 2116 οἵδε
900 2062 942 2115 δ’
970 2063 1182 2135 ὀφρύων
1207 2063 1393 2117 κύκλοι

192 2145 568 2212 πεπλασμένοι
593 2149 828 2216 κυροῦσι·
867 2146 927 2201 τὸ
954 2146 1181 2218 σμικρὸν
1205 2145 1323 2200 τόδε

192 2226 329 2293 μέγα
354 2226 594 2300 ξυνίσχει
618 2233 773 2290 κεῖνο,
802 2230 931 2283 κούκ
955 2229 1130 2282 ἄλλου
1155 2228 1294 2287 τινὸς

193 2310 319 2363 τούν
343 2310 552 2382 Γεφρίῳ
577 2310 840 2377 τεθνηκός·
879 2313 912 2379 ἡ
939 2312 994 2366 δὲ
1019 2312 1138 2386 χεὶρ
1163 2311 1360 2386 χρόνου

193 2390 286 2446 τὸν
309 2398 623 2457 τηλικοῦτον
647 2396 700 2452 ἐς
723 2393 934 2449 τοσοῦτ’
962 2394 1028 2449 ἂν
1053 2395 1285 2463 αὐξάνοι·
1358 2420 1361 2425 ·

193 2472 320 2527 ἀλλ’
347 2474 453 2535 οὖν,
481 2475 637 2535 κάσις
663 2476 752 2530 σοὶ
782 2478 917 2548 (πῶς
941 2477 1046 2547 *γὰρ
1071 2477 1132 2532 οὔ
1146 2479 1192 2548 ;)
1233 2477 1530 2549 «γεραίτερος

192 2556 322 2626 *γόνῃ
345 2555 635 2626 ’ξὲβλαστε
660 2559 898 2632 Γέφριος·
937 2560 1109 2614 κείνου
1135 2559 1197 2613 δέ
1215 2582 1322 2613 που

193 2643 321 2698 παῖς
345 2638 458 2695 ἐσθ’
483 2640 572 2694 ὅδ’·
610 2641 742 2714 ἔσχε
766 2641 809 2696 δ’
836 2641 1101 2712 ἈΎΎλίαν
1126 2642 1153 2696 ὁ
1181 2643 1404 2712 Γέφριος

641 2829 662 2850 ”’
694 2829 759 2872 Cf.
787 2830 915 2883 Soph.
944 2831 1043 2872 Ant.
1073 2838 1160 2881 722.
