2028 3230
562 275 567 281 .
613 247 790 283 LATIN
827 246 1089 281 ELEGIACS.
1479 250 1541 294 30
1554 250 1570 280 1

155 370 420 432 Thestylus
446 368 645 429 interea,
674 367 870 417 sublimi
895 367 1111 416 carmine
1136 368 1328 417 mentes

153 505 158 510 ,
219 449 489 509 Adficiens,
516 449 763 513 magicum
786 449 912 498 fudit
935 451 999 498 ab
1025 465 1110 497 ore
1134 451 1293 498 melos
1315 469 1324 498 :

155 534 359 581 Postera
383 548 477 581 nec
502 532 700 582 dabitur
722 548 882 580 rursus
907 547 995 594 per
1019 532 1164 579 saecla
1188 531 1358 580 futuris

220 615 432 666 Vatibus
456 615 520 663 ah
542 619 548 663 !
587 617 708 663 tales
733 614 1033 678 ingeminare
1058 631 1221 663 sonos,

154 800 287 846 Rara
311 807 478 847 tamen
503 793 647 847 nobis
673 798 892 861 praeclari
917 797 1156 862 fragmina
1179 808 1353 847 cantus

222 879 426 928 Mobilis
451 895 708 940 annorum,
737 880 857 928 dum
880 879 1017 943 fugit,
1043 880 1178 929 unda
1202 881 1346 930 refert
1376 899 1387 940 3

153 960 327 1022 Qualis
350 959 437 1011 ubi
461 960 633 1026 rapida
655 961 795 1010 navis
820 960 1012 1010 divulsa
1035 963 1254 1025 procella

221 1043 449 1091 Fluctuat
473 1041 648 1091 insano
674 1042 898 1105 quolibet
921 1052 1033 1091 acta
1055 1042 1191 1092 mari.

150 1226 314 1274 Arturi
341 1226 521 1276 cecinit
543 1226 722 1286 socios,
748 1213 1378 1290 mensamque-rotundam,

218 1309 483 1371 Factaque,
513 1309 729 1358 Bellator
754 1310 884 1369 Dux,
911 1317 1009 1369 tua,
1036 1319 1151 1359 nate
1177 1308 1287 1358 lacu
1308 1327 1321 1370 3

152 1391 224 1439 Ut
243 1394 444 1453 quoque
469 1406 521 1439 se
545 1406 659 1438 cara
683 1391 908 1439 Geranus
933 1407 1023 1453 pro
1048 1390 1234 1454 virgine
1261 1392 1388 1440 ferro

219 1470 482 1530 Obtulerit,
510 1470 646 1519 fortis
671 1473 875 1520 vulnera
898 1472 1020 1520 dura
1044 1472 1161 1535 pati.

151 1654 404 1718 Praecipue
429 1653 652 1714 sedenim
671 1654 832 1704 comis
857 1654 1124 1703 celebravit
1149 1656 1363 1704 honores

217 1735 468 1794 Tristimii,
498 1745 547 1785 et
570 1745 719 1795 cantu
744 1735 1001 1796 nobiliore,
1030 1752 1208 1784 senex:

151 1817 392 1881 Moribus,
418 1820 599 1867 Arturo
625 1818 929 1878 dominante,
958 1818 1186 1867 excelluit
1211 1818 1330 1867 olim

217 1902 481 1964 Quemque
508 1902 788 1961 LeonelluS‚
817 1918 910 1961 nec
934 1901 1096 1949 minus
1123 1918 1255 1961 ense,
1282 1902 1473 1952 ducem.

150 2093 408 2158 Objiciens
433 2109 541 2149 sese
565 2095 725 2158 patrui
751 2104 971 2144 tutamen
997 2095 1179 2156 inertis,

218 2177 311 2226 Ille
335 2186 582 2227 venenato
607 2179 808 2226 vulnere
832 2178 976 2226 laesus
1003 2187 1104 2227 erat
1122 2195 1136 2239 3

149 2259 392 2308 Straverat
417 2267 634 2315 atrocem
660 2258 836 2308 merita
859 2276 1011 2322 quum
1037 2259 1175 2310 caede
1202 2260 1484 2317 Morullum‚

217 2338 387 2389 Litora
410 2342 639 2402 Juvernae
663 2357 764 2403 qua
785 2340 932 2390 maris
956 2342 1094 2391 unda
1115 2343 1256 2391 lavat.
1414 2339 1417 2341 ⁴

148 2532 478 2585 Conveniunt·
491 2533 702 2594 medici:
738 2543 907 2585 tamen
931 2552 1223 2599 exsuperare
1249 2551 1495 2584 venenum

218 2616 336 2665 Non
361 2631 452 2675 ars,
478 2631 581 2665 non
604 2616 842 2678 medicus,
869 2633 972 2667 non
996 2617 1245 2668 medicina
1269 2619 1397 2665 valet
1418 2635 1427 2663 :

151 2694 237 2744 Nil
263 2695 657 2758 sanare·‘pote'st‘3
690 2695 855 2746 donec
878 2699 1026 2747 letale
1052 2699 1233 2747 decora

216 2776 446 2827 Candida
470 2777 685 2826 tractarit
709 2780 887 2828 vulnus
912 2780 1085 2828 Isolda
1109 2795 1275 2827 manu,
