2028 3230
745 238 923 272 GREEK
963 238 1189 273 1AM131cs,
1592 240 1680 286 141

256 359 346 414 καὶ
368 359 474 429 νγὰρ
499 357 758 413 τοσοῦτόν
781 356 832 426 ry'
859 355 977 411 οἶδα
1000 355 1174 424 μήτιν’
1202 357 1267 410 ἂν
1290 357 1505 426 βροτῶν

256 442 419 496 ὁσίων
441 440 719 507 λαβέσθαι
745 439 908 495 τῶνδε
933 443 1038 493 τῶν
1064 440 1358 510 σκήπτρων
1381 441 1501 513 χερὶ

257 525 306 580 εἰ
325 525 401 595 μὴ
427 524 492 579 δι’
518 525 739 596 ὕβρεως,
765 522 800 591 ἢ
825 525 927 597 βίᾳ
952 522 1291 593 συλωμένων.

258 608 348 662 καὶ
373 606 486 675 δῆθ’
511 607 758 666 ἅπαντας
783 608 844 675 ἐξ
867 608 988 660 ἴσου
1015 607 1249 676 νομίζετε

259 692 382 759 ὑμῖν
405 690 703 763 προδόντας
729 690 876 757 τάμὰ
900 690 1198 756 λωβᾶσθαι
1224 689 1434 761 φρένας,

258 775 396 843 ἡμᾶς
421 773 466 829 τ’
495 774 717 846 ἐρήμους
744 774 834 828 καὶ
859 772 1036 846 φίλων
1060 774 1366 845 ἀνωφελεῖς·

259 857 386 911 ἀλλ’
414 858 538 924 ἴσθ’,
566 857 594 911 ό
620 857 824 927 δαίμων
849 858 1180 928 πασγκρατὴς,
1208 857 1334 926 ἐμὸν
1360 856 1546 920 σέβας,

260 943 596 1012 ἐπωφέλειαν
621 940 749 1010 ἡμὶν
775 941 831 994 ἐν
857 940 1031 1010 νέφων
1056 944 1294 1013 πτυχαῖς

262 1028 353 1079 νῦν
378 1023 679 1094 ἐξαθροίζει,
708 1023 1007 1095 πάμφαΎον
1032 1023 1206 1078 νόσων
1231 1023 1479 1093 στρατόν·

262 1108 547 1179 σκήψουσι
569 1106 613 1160 δ’
640 1107 799 1162 αὗται
824 1110 935 1165 τοῖς
961 1105 1006 1159 τ’
1034 1107 1338 1174 ι’νγεννήτοις
1365 1107 1565 1164 τέκνοις

263 1192 351 1246 καὶ
376 1195 485 1249 τοῖς
510 1192 904 1261 ἐπίσποροισιν,
936 1189 995 1244 οἵ
1010 1190 1058 1259 ‘y'
1087 1189 1352 1257 ὑπηκόους

263 1278 488 1342 τολμᾶτ““
515 1273 596 1346 ἐφ’
623 1275 749 1342 ἡμῖν
775 1272 863 1329 ὧδ’
890 1273 1213 1346 ἐπαίρεσθαι
1239 1274 1417 1346 χέρας,

265 1359 334 1418 ὡς
360 1359 639 1427 ἐξελῶντες
663 1357 816 1412 τοῦδε
842 1358 1112 1430 φιλτάτου
1138 1357 1341 1427 θρόνου.

266 1440 392 1496 ἀλλ’
420 1440 595 1496 εἴπαθ’
624 1442 767 1507 ὑμεῖς
792 1440 948 1495 τοῦτό
974 1463 1066 1507 μοι
1092 1440 1530 1512 Βολιμβρόκῳ-

268 1525 460 1592 ἕστηκε
485 1524 527 1577 δ’
555 1525 704 1594 ἡμῶν
730 1526 834 1598 οὐχ
859 1524 994 1586 ἕκας,
1023 1522 1222 1590 ταύτης
1247 1524 1331 1577 ὅτι

266 1613 363 1678 *γῆς
388 1607 700 1676 ἐμβατεύων
724 1608 948 1677 ἀνομίαν
973 1607 1292 1678 ὀφλισκάνει

269 1693 439 1761 δεινὴν
464 1691 583 1745 καθ’
610 1693 773 1760 ἡμῶν·
813 1691 901 1746 καὶ
926 1691 1031 1761 «γὰρ
1058 1690 1476 1759 αἱματοσταὙεῖς

269 1776 483 1834 δέλτους
508 1773 581 1829 ὅδ’
601 1774 792 1846 ”Αρεος
819 1775 887 1832 ὡς
913 1772 1231 1841 ἀναπτύξων
1256 1776 1421 1842 πάρα·

270 1859 462 1932 κράτος
487 1857 548 1924 δ’,
576 1857 604 1913 ὃ
632 1858 784 1930 θηρᾷ,
813 1857 942 1930 πρὶν
967 1857 1083 1910 καθ’
1110 1857 1318 1930 ἥσυχον
1345 1856 1529 1924 νέμειν,

271 1943 505 2015 κεφαλαὶ
529 1946 822 1997 πεσοῦνται
845 1941 1047 2013 μυρίων
1075 1940 1390 2012 φονορρύτοι

271 2025 490 2088 παίδων,
517 2025 796 2098 προσώπῳ
823 2024 1107 2094 δυσπρεπῆ
1131 2024 1416 2092 μιάσματα

273 2112 465 2188 χθονὸς
489 2112 756 2183 πατρῴας,
784 2110 911 2166 ὥστ’
940 2111 1186 2183 ἐρυθριᾶν
1210 2110 1378 2184 χόλῳ,

272 2195 468 2263 λευκὴν
493 2196 918 2263 μεταλλάξασαν
943 2193 1147 2264 εἰρήνης
1172 2192 1330 2267 χρόα,

274 2278 494 2352 βρέχειν
517 2301 576 2333 τε
599 2277 799 2333 πιστὸν
824 2277 958 2346 αἷμα
982 2279 1235 2348 ποιηροὺς
1260 2275 1467 2350 ἀγρούς.

356 2435 531 2488 ΝΟΡ.
594 2432 754 2487 Ἀλλ’
817 2434 1044 2507 εὔχομαι
1106 2434 1166 2486 τὸ
1227 2431 1421 2499 σεμνὸν
1484 2430 1706 2499 οὐρανοῦ

420 2516 627 2586 κράτος,

277 2599 424 2669 λόγῳ
451 2598 735 2672 στράτευμ’
764 2598 968 2660 οἰκεῖον,
996 2601 1091 2654 οὐκ
1116 2598 1266 2671 ἔρὙῳ,
1295 2596 1428 2657 τόδε,

281 2684 440 2756 τώμῷ
465 2683 701 2754 τυράννῳ
726 2683 800 2749 μὴ
826 2683 1245 2753 προσορμᾶσθαι
1271 2683 1385 2753 βίᾳ·

282 2766 346 2820 σὲ
371 2765 414 2820 δ’
442 2766 547 2827 οὖν,
575 2764 602 2820 ὁ
630 2768 724 2823 σὸς
749 2765 878 2833 μάλ’
907 2764 1117 2835 εὐγενὴς
1142 2765 1379 2836 ἀνέψιος,
