2028 3230
728 237 886 272 LATIN
924 236 1185 271 ELEGIACS.
1577 241 1594 270 Ι
1607 235 1664 285 73

247 373 439 424 Pallida
461 371 633 424 liventi
656 370 796 421 radio
817 373 922 435 jam
947 370 1135 419 lumina
1161 369 1328 429 cernit,

314 455 526 504 Lumina
549 453 822 518 longinquo
848 452 1163 516 suppeditata
1185 453 1300 501 foco
1324 470 1334 499 ε

246 536 559 600 Persequitur
575 553 588 596 3
626 536 789 584 donec
813 533 1000 583 subitas
1024 534 1160 582 videt
1184 532 1405 596 undique
1429 533 1650 581 flammas

312 618 511 667 AEstuat
535 615 802 666 innumeris
825 615 1046 680 undique
1070 617 1269 664 flamma
1290 613 1462 678 globis.

245 800 481 852 Constitit
504 820 513 850 ε
549 801 772 850 attonitae
798 801 886 850 sed
911 799 1042 850 enim
1065 799 1138 849 vis
1162 800 1343 863 profuit
1367 801 1464 861 illa,

313 882 605 932 Exanimem
629 892 848 932 mentem
871 899 965 931 nec
989 881 1227 931 cecidisse
1253 881 1367 930 sinit
1385 900 1398 942 3

244 964 482 1014 Constitit
505 984 514 1014 :
550 964 667 1013 hinc
691 964 826 1012 illinc
851 963 1103 1013 dementia
1126 963 1314 1011 lumina
1336 973 1532 1027 torquet
1557 983 1565 1011 :

310 1048 374 1095 Et
396 1063 558 1109 genua
581 1045 780 1096 alternis
805 1045 1028 1109 pulsibus
1052 1045 1152 1094 icta
1176 1054 1402 1094 tremunt.

243 1229 423 1292 Qualia
446 1240 564 1279 tunc
587 1230 711 1280 vidit
735 1232 1032 1294 spectacula,
1061 1230 1179 1280 talia
1202 1247 1457 1294 nunquam

311 1311 560 1361 Humanis
586 1312 742 1361 oculis
766 1312 872 1361 visa
896 1314 1029 1362 fuere
1054 1312 1186 1376 prius
1207 1331 1220 1374 3

241 1392 384 1441 Talia
408 1409 511 1442 non
536 1393 714 1442 iterum
741 1397 922 1454 Parcae,
950 1395 1069 1443 dum
1094 1404 1222 1444 terra
1244 1394 1480 1454 manebit,

311 1474 558 1524 Humanis
583 1475 738 1524 oculis
764 1475 1087 1539 adspicienda
1111 1477 1313 1524 dabunt.

237 1659 482 1721 Spelunca
505 1657 555 1706 in
580 1658 745 1708 media
769 1660 961 1709 fervens
989 1662 1251 1709 constabat
1275 1677 1469 1720 aenum,

308 1738 495 1797 Exsilic
523 1748 672 1802 atque
698 1741 799 1789 alto
824 1741 1008 1790 vertice
1033 1741 1232 1790 flamma
1257 1742 1379 1790 furit.

241 1821 318 1880 Et,
347 1837 495 1883 quam
519 1821 670 1885 longa
692 1831 843 1885 patet,
870 1832 1006 1886 patet
1032 1832 1093 1883 et,
1122 1840 1270 1886 quam
1295 1825 1407 1885 lata,
1435 1840 1659 1884 caverna,

308 1902 554 1950 Conlucet
577 1902 722 1952 rutilo
747 1903 922 1952 clarior
946 1904 1058 1968 igne
1083 1906 1234 1954 locus.

238 2086 384 2135 Adde
409 2096 458 2136 et
483 2088 619 2150 quod
644 2088 790 2137 solidi
817 2088 1002 2138 circum
1027 2091 1180 2139 latera
1204 2091 1360 2139 ardua
1385 2091 1510 2150 aeni,

291 2167 389 2243 ³Bis
414 2185 500 2217 sex
523 2169 828 2231 adstiterant‚
854 2171 1052 2220 horrida
1076 2175 1230 2232 turba,
1257 2190 1429 2236 magae,

240 2249 442 2298 Intortis
465 2262 627 2300 vestes
653 2252 976 2315 serpentibus,
1007 2271 1136 2314 ecce,
1166 2255 1386 2318 ligantur,

309 2331 373 2378 Et
397 2347 540 2380 coma
563 2332 826 2383 verticibus
853 2335 1230 2398 sanguinolenta
1254 2336 1386 2399 riget.

240 2526 536 2576 Destillante
559 2544 733 2579 manus
757 2531 1005 2580 foedantur
1029 2532 1266 2596 sanguine
1286 2551 1298 2593 ;
1332 2533 1531 2580 flamma

308 2607 519 2656 Lumina
543 2610 821 2673 sanguinea,
849 2612 1034 2661 lumina
1059 2630 1202 2674 saeva,
1230 2613 1414 2661 micant
1436 2632 1448 2673 3

239 2688 453 2737 Horrida
477 2689 697 2739 inaudita
719 2693 989 2741 funduntur
1013 2694 1230 2742 carmina
1254 2711 1392 2753 voce,

308 2771 370 2819 Et
394 2780 543 2819 tenue
569 2773 787 2821 obsceno
812 2789 1028 2823 murmur
1051 2777 1113 2823 ab
1140 2791 1223 2823 ore
1248 2775 1392 2822 cadit.
