2028 3230
773 277 1087 312 CLEOPATRA.
1542 276 1606 321 42
1612 276 1638 324 5

226 402 377 450 Certa
400 399 539 460 mori,
566 408 790 463 optatam
814 397 1091 462 quaeritque
1115 414 1203 460 per
1226 396 1394 445 omnia
1416 404 1638 444 mortem.

227 481 390 545 Copia
414 481 549 530 nulla
572 481 715 530 datur
737 479 927 529 miserae
941 480 962 540 '3
997 495 1203 541 seraque
1229 478 1483 526 trahuntur

228 564 350 611 Fata
373 578 522 612 mora„
596 563 814 610 Famulae
839 559 1046 609 calathis
1071 558 1292 608 vaccinia
1316 558 1475 622 plenis

225 644 374 693 Forte
396 643 782 703 ferunt—floreS,
810 641 933 691 tristi
959 641 1135 690 solatia
1158 640 1325 690 menti.

227 725 387 773 Dulce
411 724 733 774 ministerium
754 728 763 772 Ξ
813 726 880 771 At
904 722 1080 771 mediis
1105 723 1238 782 latet,
1264 721 1478 785 adspice,
1507 721 1645 771 sertis

227 805 449 865 Luridus,
479 822 562 854 ore
587 805 768 864 minax,
795 803 847 852 in
872 804 1063 852 nodum
1090 802 1264 852 tortilis
1288 802 1458 866 anguis
1477 820 1491 863 3

228 889 382 935 Hunc
405 886 541 936 videt
564 886 646 935 illa
671 887 829 946 simul,
859 885 1003 934 simul
1027 886 1161 934 hunc
1185 884 1467 933 avidissima
1490 885 1604 933 laeta

225 970 455 1032 Occupat
478 968 594 1018 inde
618 984 767 1016 manu
788 987 798 1016 z
836 976 940 1015 tum
967 966 1037 1015 sic
1061 966 1294 1015 moritura
1318 967 1545 1028 profatur.

228 1053 259 1074 “
278 1050 438 1098 Dulce
462 1048 581 1097 mihi
605 1051 814 1097 munus!
852 1065 972 1097 serae
997 1047 1076 1096 via
1101 1064 1208 1096 sera
1232 1047 1427 1096 salutis!

225 1132 305 1179 Tu
329 1130 450 1178 mihi
473 1130 771 1194 confugium,
798 1130 992 1193 requies
1018 1139 1070 1178 tu
1095 1138 1228 1178 certa
1253 1130 1495 1188 dolorum,

227 1213 560 1276 Solamenque
584 1211 712 1260 mali.
789 1213 1008 1274 Vosque,
1037 1227 1068 1260 o
1093 1210 1344 1259 carissima
1368 1211 1524 1269 turba,

229 1295 487 1357 AEquaevae
512 1293 731 1353 comites,
761 1294 872 1353 huc,
900 1293 996 1341 huc
1020 1291 1141 1339 mihi
1165 1293 1286 1341 ferte
1313 1308 1549 1340 coronam

232 1375 484 1438 Regalem‚
513 1375 833 1437 trabeamque
859 1373 1018 1434 simul,
1045 1383 1323 1436 teretesque
1348 1373 1570 1436 lapillos:

228 1459 433 1520 Sceptra
456 1457 658 1505 ferenda
682 1472 845 1516 manu,
874 1465 1058 1504 tortum
1083 1456 1197 1503 date
1225 1455 1440 1503 crinibus
1465 1471 1648 1514 aurum,

233 1539 297 1587 Et
321 1537 484 1602 digitis
507 1554 741 1602 gemmas,
769 1537 1016 1600 niveoque
1041 1538 1245 1586 monilia
1269 1539 1413 1586 collo.

234 1621 420 1668 Munus
438 1618 585 1668 inane
605 1618 807 1682 quidem
827 1621 836 1666 1
874 1620 1025 1668 talem
1045 1628 1213 1667 tamen
1235 1619 1302 1668 ire
1329 1621 1419 1668 sub
1439 1621 1649 1677 umbras,

234 1703 299 1750 Et
322 1700 487 1764 specie
512 1700 596 1749 tali
623 1702 940 1763 Cleopatram
966 1699 1149 1750 obiisse
1175 1698 1386 1749 decebit.
1455 1694 1457 1697 ’

231 1782 313 1831 Sic
337 1798 552 1845 quoque,
580 1783 650 1830 sic
674 1798 858 1831 nomen
885 1791 1015 1831 certe
1040 1782 1173 1829 haud
1198 1781 1413 1844 ignobile
1439 1789 1632 1843 patrum

234 1862 470 1912 Manibus
495 1863 594 1912 hoc
618 1864 840 1922 referam,
863 1862 1030 1925 patriis
1056 1879 1219 1925 neque
1245 1862 1475 1910 laudibus
1500 1861 1650 1924 inpar.

231 1946 444 2007 Jamque
486 1945 647 1993 valete
695 1945 912 1993 omnes.”
983 1943 1186 1993 Gremio
1234 1943 1377 1992 simul
1424 1943 1656 1991 admovet

369 2041 594 2090 anguem.

236 2108 536 2170 Purpuream
560 2106 686 2156 bibit
710 2106 790 2155 ille
812 2105 1043 2165 animam,
1071 2107 1218 2154 letale
1243 2121 1488 2154 venenum

238 2187 474 2250 Injiciens
498 2187 648 2237 venis.
720 2187 898 2237 Subito
924 2203 1012 2250 per
1035 2186 1270 2250 languida
1294 2188 1515 2236 membra

240 2267 518 2328 Insinuans‚
543 2278 650 2319 toto
677 2268 939 2318 descendit
964 2285 1171 2332 corpore
1197 2269 1362 2331 pestis.

243 2349 447 2398 Labitur
470 2350 743 2415 exsanguis.
817 2350 1106 2414 Trepidant,
1133 2351 1405 2413 frustraque
1438 2359 1659 2398 ruentem

239 2430 523 2494 Suscipiunt
545 2432 751 2492 famulae,
778 2433 953 2481 frustra
976 2431 1305 2481 medicamine
1331 2440 1515 2479 curant.

241 2511 322 2562 Sic
347 2513 499 2562 semel
522 2512 681 2561 inmiti
706 2514 986 2563 demessum
1011 2513 1191 2577 pollice
1217 2515 1386 2561 florem

245 2595 295 2645 N
299 2593 593 2658 equiequam
618 2595 750 2645 lenta
775 2604 1000 2659 reparant
1024 2595 1288 2645 dulcedine
1312 2610 1458 2643 rores.

1146 2719 1200 2765 E.
1230 2718 1301 2764 w.
1334 2717 1417 2775 H„
1453 2717 1590 2777 1848.
