2028 3230
666 244 823 278 LATIN
860 246 1230 282 HEXAMETERS.
1563 252 1659 300 209

235 366 306 415 At
330 366 520 415 Natura
542 364 702 430 ipsum
725 366 856 429 potis
881 376 955 416 est
978 369 1166 417 frenare
1191 378 1460 432 tyrannum.

238 447 331 496 Ille
353 463 480 496 unus
503 448 724 511 praebere
749 449 894 508 valet,
922 464 1034 511 quae
1059 465 1210 512 parca
1234 451 1425 514 negarit

238 529 390 578 Dona
413 528 520 578 aliis
546 530 749 589 Natura,
775 538 1034 594 metusque
1060 530 1287 594 intelligit
1311 549 1453 581 unus.

237 609 335 659 Dic
358 610 479 659 mihi
499 630 508 659 :
544 627 663 659 num
686 612 815 660 falco
840 612 1151 661 descendens
1176 629 1290 662 acer
1313 614 1376 662 ab
1402 615 1504 662 alto

237 693 424 752 Parcet,
451 693 725 755 plumarum
749 694 999 756 perculsus
1023 710 1204 754 amore,
1231 696 1475 744 columbae
1495 698 1516 744 ?

238 774 429 823 Muscae
453 773 565 836 pica
588 790 740 837 rapax
764 784 958 823 auratas
983 774 1182 838 respicit
1205 776 1308 824 alas
1325 779 1347 824 ?

235 854 488 918 Accipiter
510 857 700 918 praebet
724 855 1013 905 Philomelae
1039 856 1266 906 cantibus
1292 873 1433 906 aures
1455 860 1477 906 ?

237 936 422 985 Omnia
445 945 739 985 conservant
763 936 1004 997 homines,
1033 937 1102 986 sic
1125 937 1344 1000 piscibus
1368 940 1542 999 undas,

235 1017 316 1067 Sic
340 1017 512 1067 avibus
537 1017 697 1078 silvas,
723 1017 891 1080 pecori
917 1017 987 1066 sic
1011 1035 1197 1082 pascua
1221 1019 1406 1068 cedunt
1429 1039 1438 1069 :

235 1101 359 1148 Sunt
384 1099 561 1162 quibus
585 1099 769 1148 utilitas
790 1100 932 1162 jubet
956 1100 1085 1148 hanc
1110 1100 1381 1164 inpendere
1407 1119 1587 1162 curam,

236 1183 382 1230 Plura
404 1182 698 1244 voluptates,
726 1190 776 1229 at
794 1181 1004 1244 plurima
1028 1182 1168 1230 luxus
1195 1191 1243 1231 et
1269 1199 1399 1232 error
1419 1203 1426 1231 :

235 1264 420 1313 Omnia
443 1273 709 1327 pascuntur
731 1265 865 1327 larga
887 1263 1111 1313 bonitate
1136 1264 1345 1327 patroni,

236 1346 413 1406 Unius,
441 1347 656 1408 luxuque
681 1347 787 1408 ejus
812 1344 972 1394 felicia
994 1347 1225 1409 gaudent.

235 1429 405 1490 Ipsum
432 1426 671 1486 animans,
699 1426 834 1488 quod
859 1427 983 1475 forte
1009 1426 1143 1490 cupit
1169 1426 1348 1475 subtile
1372 1429 1607 1490 palatum,

236 1507 393 1571 Eripit
417 1508 498 1557 ille
524 1507 653 1568 fami,
684 1510 971 1557 Maurorum
996 1508 1078 1557 ille
1104 1508 1245 1572 eripit
1270 1508 1415 1558 armis
1434 1528 1448 1569 3

235 1591 398 1639 Immo
423 1590 558 1639 fovet
583 1589 746 1638 studio
770 1606 956 1639 mensae
982 1607 1131 1652 quarn
1156 1590 1374 1639 destinat
1399 1608 1577 1653 escam,

235 1672 298 1720 Et
321 1681 509 1735 gratam
534 1670 709 1731 reddit,
736 1670 882 1720 liceat
907 1672 1025 1720 dum
1050 1671 1227 1732 vivere,
1254 1671 1405 1720 vitam
1431 1693 1439 1721 :

233 1752 399 1801 Inscia
423 1752 493 1801 sic
516 1752 601 1801 leti
627 1752 824 1802 decedit
849 1752 1044 1801 luminis
1071 1753 1182 1813 oris,

232 1833 307 1882 Ut
331 1832 415 1896 qui
440 1833 702 1896 procubuit
727 1850 820 1882 nec
846 1833 995 1883 sentit
1019 1834 1236 1883 fulminis
1260 1834 1425 1883 ictum.

229 1916 363 1964 Ante
388 1914 589 1978 quidem
612 1916 776 1964 laetam
802 1917 1036 1979 carpebat
1059 1915 1218 1965 bestia
1242 1915 1393 1964 vitam
1421 1935 1430 1974 3

231 1997 306 2045 Te
325 2012 524 2059 quoque
542 1998 694 2056 Mors,
717 1997 918 2059 quando
936 2006 1019 2045 tua
1033 1997 1214 2061 gaudia
1233 1997 1483 2060 carpseris,
1503 2010 1652 2063 urget.

1170 2162 1212 2222 J.
1244 2162 1292 2208 B.
1322 2162 1413 2222 W„
1447 2163 1583 2227 1855·
