2028 3230
0 206 69 278 ξ’
743 233 922 267 GREEK
962 233 1186 267 IAMBICS.
1579 234 1677 281 339

323 354 616 409 ΔΟΡ.,”Ιω
641 353 789 423 παρά
834 359 954 426 ρὼν,
984 353 1406 421 κάπικομπάζων
1430 354 1605 421 μάτην

250 438 474 506 φαύλων
500 435 639 509 ἔχων
663 458 765 507 περ
789 357 1008 512 ΐμάτων
1032 434 1084 503 μ’
1112 437 1432 506 ἀποστερεῖν

251 518 384 573 ἑκὼν
410 520 653 584 ἑκοῦσαν,
680 520 768 573 καὶ
793 519 896 592 νγὰρ
924 520 984 574 οὔ
1010 518 1068 573 τί
1086 541 1177 587 μοι
1201 519 1352 587 μέλει
1415 542 1417 544 ·

174 598 179 602 ’
251 601 313 656 τὸ
341 603 442 668 ζῆν,
471 601 602 673 σάφ’
630 601 736 655 ἴσθ’
762 602 854 664 ὅτ’,
881 601 914 669 ἢ
942 601 1001 656 τὸ
1026 603 1100 670 μὴ
1127 602 1357 667 βλέπειν
1382 602 1474 667 ἔτι,

237 685 334 756 ,κεί
357 685 532 754 τίμιον
556 684 805 757 πέφυκεν,
834 684 1044 751 ἔντιμόν
1067 687 1117 754 γ’
1144 685 1227 738 ὅτι

253 770 312 822 ἐκ
337 774 431 823 τοῦ
458 769 633 822 θανεῖν
658 767 884 834 ἀμείνον’
913 769 1118 840 εὑρήσω
1143 769 1281 833 βίον·

254 851 315 905 τὸ
341 851 439 906 σὸν
463 851 568 924 γὰρ
595 850 752 924 ἔχθος
779 850 1137 922 ἐκφανήσεται
1159 852 1320 920 μόνον

257 936 472 1003 κλῖμαξ,
501 933 582 1006 ἐφ’
607 934 674 1001 ἢν
697 937 944 1003 μολοῦσα
968 934 1406 1006 προσνγενήσομαι

254 1018 429 1083 ὄλβου
454 1015 658 1071 τοσόνδ’
681 1018 732 1075 ἐς
756 1017 932 1088 ἄκρον,
962 1018 1030 1075 ὡς
1056 1017 1370 1089 κατόψομαι

255 1102 607 1168 ἐπεσγνγελῶσα
632 1099 727 1152 σοι’
746 1122 803 1154 τε
828 1099 918 1154 καὶ
943 1104 1114 1154 πᾶσιν
1138 1102 1370 1173 βροτοῖς.

256 1174 529 1252 ἐτητύμως
553 1206 611 1237 τε
634 1187 928 1256 χαρμοναῖς
954 1183 1292 1257 περιπτυχὴς

257 1268 404 1324 ἐκτὸς
428 1267 624 1339 χρόνου
648 1265 813 1338 μόρου
839 1289 897 1320 τε
922 1267 1169 1339 χαιρήσω
1198 1269 1364 1338 φρένα

259 1350 328 1406 ὡς
353 1348 543 1423 ῥᾳδίως
567 1350 825 1415 λαβοῦσα
850 1349 1003 1414 τήνδε
1029 1348 1124 1415 τὴν
1149 1350 1341 1422 χαράν·

258 1434 366 1486 ἐκεῖ
388 1431 492 1503 ’γὰρ
519 1431 631 1486 αἰὲν
656 1432 781 1504 ἣρος
807 1432 1074 1496 ἄλληκτος
1101 1433 1259 1503 χάρις

258 1515 413 1586 «γανᾷ,
441 1518 579 1588 *γανᾷ
608 1536 665 1567 τε
690 1515 938 1581 σώματος
965 1515 1156 1575 νεανία,

261 1599 390 1652 κούκ
414 1598 527 1652 ἔσθ’
554 1598 697 1655 ὅπως
723 1597 978 1668 φρικωδὲς
1003 1598 1223 1666 ἀλὙυνεῑ
1247 1598 1398 1669 κρύος

263 1682 473 1739 θάλπος
498 1704 555 1735 τε
573 1680 730 1748 λιμός
755 1679 800 1734 τ’
826 1681 860 1747 ἢ
885 1679 945 1735 τὸ
970 1681 1260 1750 «γηράσκειν
1285 1682 1430 1742 ποτὲ,

261 1764 334 1818 σὺ
359 1762 402 1816 δ’
429 1764 519 1818 οὖν
544 1763 611 1816 τὰ
637 1764 813 1829 τέμπη
840 1768 931 1817 νῦν
956 1762 1022 1816 δι’
1047 1763 1309 1837 αἰσχύνης
1336 1764 1475 1837 ἔχων

263 1846 567 1915 ἀμνημόνει,
595 1846 664 1900 τὰ
688 1847 877 1899 πολλά
903 1845 949 1900 θ’
971 1845 1269 1919 εΕσπερίας
1293 1848 1500 1920 χθονὸς,

261 1930 493 2003 ψευδοῦς
518 1952 620 2002 περ
646 1931 825 1995 οὔσης,
853 1929 1087 2002 χάρματ’
1115 1931 1186 1988 εἰς
1212 1932 1381 1997 λήθην
1404 1932 1563 1997 βάλε·

228 2037 231 2042 ·
262 2015 324 2069 τὸ
348 2013 453 2086 «γὰρ
479 2013 778 2086 δρακόντων
804 2013 917 2067 αἰὲν
943 2013 1329 2086 ἐντηρουμένων

262 2099 611 2171 χρυσήλατον
635 2097 863 2165 μέλημα,
892 2101 986 2150 τοῦ
1012 2099 1218 2170 καρπὸν
1241 2099 1436 2160 λαβεῖν

267 2180 400 2234 θεῶν
425 2202 482 2234 τε
508 2179 744 2249 κάνδρῶν
767 2179 1044 2252 (Ηρακλῆς
1070 2181 1214 2253 εἶχεν
1238 2179 1410 2247 μόνος,

268 2266 478 2331 φαῦλον
501 2262 706 2333 πέφυκε
731 2264 982 2335 ῥημάτων
1007 2262 1051 2316 τ’
1080 2264 1308 2332 ἀνάξιον,

268 2346 401 2414 πρὸς
426 2345 518 2399 τὸν
543 2346 805 2416 πέρισσον
830 2352 921 2414 τῆς
948 2349 1054 2400 ἐκεῖ
1076 2346 1268 2419 χθονὸς
1292 2346 1459 2400 τόκον.

270 2429 533 2500 ἐπεγγελᾷ
559 2431 662 2499 «γὰρ
689 2430 844 2496 οὑμὸς
872 2430 928 2483 ὃν
956 2429 1104 2495 σέβω
1132 2429 1247 2487 θεὸς

270 2510 485 2583 χλιδαῖς
509 2509 788 2580 Ἀραβίας,
816 2512 983 2585 ὀλβία
1010 2511 1054 2566 θ’
1070 2511 1264 2565 ”Αιδου
1290 2516 1432 2583 σκιᾷ,

272 2593 429 2650 αὐτὸς
453 2592 557 2665 «γὰρ
584 2593 733 2663 ἕδρας
756 2598 970 2663 μᾶλλον
994 2595 1284 2666 εὐμόρφους
1312 2596 1436 2668 ἔχει,

273 2679 379 2729 τῶν
405 2679 495 2729 νῦν
518 2677 754 2744 ματαίως
781 2678 903 2745 ὑμῖν
928 2679 1314 2747 ἐξῃκασμὲνων.

1191 2774 1248 2819 R.
1280 2773 1335 2818 T.
1369 2773 1445 2829 R.‚
1483 2772 1619 2831 1864.

1398 2863 1423 2895 Ζ
