2028 3230
885 213 971 245 121

396 798 723 858 GREEK
788 798 1474 858 HEXAMETERS.

217 1011 578 1068 ΠΛΗΣΙΟΝ
599 1013 717 1066 ἐστὶ
731 1011 912 1080 λιμὴν,
930 1013 1148 1065 τέταται
1174 1011 1216 1066 δ’
1234 1011 1337 1065 ἄνα
1353 1011 1499 1065 ἱστία
1514 1012 1647 1078 νηός,

217 1093 351 1149 κεῖθι
375 1095 506 1152 ἁλὸς
530 1095 669 1164 μένγα
692 1099 918 1163 λαῖτμα,
946 1095 1228 1166 πελώριον,
1254 1094 1523 1166 ἠεροειδές·

214 1175 256 1230 ὦ
282 1179 582 1250 συναρωΎοὶ
609 1178 740 1247 ἐμοὶ,
769 1182 959 1232 ναῦται
985 1179 1155 1251 φίλοι,
1186 1178 1300 1233 αἰὲν
1327 1178 1541 1248 ἑταῖροι,

214 1260 345 1327 ἠμὲν
371 1261 447 1315 ἐνὶ
471 1261 728 1332 πτολέμῳ
755 1261 1115 1331 ἐπαμύντορες
1140 1261 1216 1329 ἠδ’
1245 1262 1319 1315 ἐνὶ
1344 1264 1539 1331 βουλῇ,

213 1347 359 1399 τοῖσι
389 1344 519 1412 μάλ’
546 1345 835 1403 ἀσπασίως
858 1347 1064 1416 βροντὴ
1092 1346 1236 1412 Διὸς,
1265 1346 1555 1404 ἀσπασίως
1581 1345 1635 1400 δὲ

213 1426 454 1481 Ἠελίοιο
481 1427 647 1486 σέλας
673 1428 1006 1482 ἐπεπίλνατο
1032 1429 1382 1497 ἡδομένοισιν,

216 1510 334 1564 οὐδέ
358 1533 411 1565 τι
437 1510 766 1580 δειμαίνουσι
793 1512 956 1566 κακὸν
981 1512 1163 1574 πέλεν,
1191 1511 1319 1566 ἀλλ’
1348 1512 1599 1586 ἐδέχεσθε

217 1594 404 1651 ἀντίοι,
435 1594 950 1666 εὐθαρσεῖς-ἡμέας
974 1594 1121 1664 βαρὺ
1144 1599 1310 1665 *γῆρας
1340 1595 1518 1649 ἱκάνει·

217 1676 343 1730 ἀλλ’
371 1679 432 1732 οὐ
456 1678 561 1750 *γὰρ
586 1683 754 1747 *γῆρας
779 1677 947 1732 πόνου
973 1679 1214 1749 ἄμμορον
1241 1678 1359 1733 οὐδέ
1384 1701 1437 1733 τι
1462 1683 1632 1747 τιμῆς·

217 1761 436 1815 πάντων
459 1761 626 1832 τέρμα
654 1760 803 1834 φέρει
830 1761 1056 1819 Θάνατος
1083 1761 1312 1816 δειλοῖσι
1336 1764 1633 1834 βροτοῖσιν,

218 1845 368 1898 ἀλλά
383 1867 451 1907 τι,
466 1846 594 1917 πρὶν
611 1845 829 1911 θανέειν,
842 1845 1146 1913 τελέσωμεν
1161 1846 1467 1913 ἀγακλυτὸν
1483 1846 1650 1918 ἔργον,

219 1927 442 1994 κλεινὸν,
473 1928 778 1989 θεσπέσιον,
806 1928 957 1994 ἐπειὴ
982 1927 1128 1981 πολὺ
1153 1929 1383 1982 κάλλιον
1407 1930 1560 1990 οὕτω,

219 2011 494 2085 ἀνδράσιν,
524 2011 633 2065 οἵτε
660 2012 862 2066 θεοῖσιν
888 2010 1199 2081 ἐρίσσαμεθ
1227 2012 1560 2066 ἀθανάτοισι.

221 2095 413 2161 τηλόθι
436 2099 751 2165 λαμπτῆρες
779 2094 1064 2148 σκοπέλων
1089 2094 1199 2147 ἄπο
1224 2096 1624 2163 λαμπετόωσιν,

222 2179 282 2231 ἐκ
306 2177 549 2250 φθινύθει
574 2177 778 2251 μακρὸν
801 2179 960 2249 ἦμαρ,
990 2178 1311 2232 ἐπαντέλλει
1338 2178 1394 2233 δὲ
1419 2180 1636 2246 σελήνη,

222 2261 364 2332 ἀμφὶ
389 2260 432 2313 δ’
453 2263 880 2334 ἐπιστοναχοῦσι
905 2261 1349 2332 πολυφλοίσβοιο
1368 2262 1652 2329 θαλάσσης

223 2344 380 2399 αὐδαὶ
404 2344 716 2413 ἀπειρέσιοι,
744 2345 1060 2419 πολυηχέες·
1087 2345 1251 2407 ἀλλὰ,
1283 2346 1499 2451 ἑταῖροι,

224 2426 374 2481 ἀλλὰ
398 2428 489 2482 καὶ
512 2427 610 2495 ἤδη
637 2429 789 2497 ὔμμε,
819 2427 985 2500 φιλοι,
1015 2428 1374 2501 φθήσεσθαι’
1350 2430 1440 2483 ο·ί“ω

225 2511 376 2580 δῶμα
402 2510 516 2565 νέον
544 2513 919 2577 ζητοῦντας’π
848 2534 919 2566 επ
958 2511 1276 2581 ἀλλοθρόοις
1301 2512 1613 2585 ἀνθρώποις.

223 2592 416 2647 λύσατ’
444 2593 553 2648 ἀπὸ
579 2594 819 2663 πρύμνης
845 2595 1171 2665 πρυμνήσια,
1188 2594 1402 2649 τύπτετ’
1421 2596 1652 2665 ἐρετμοῖς

228 2677 347 2744 ἑξῆς
373 2675 602 2744 ἑζόμενοι
625 2676 823 2744 πολιὴν
848 2677 959 2731 ἅλα
984 2678 1363 2744 κυμαίνουσαν,

228 2758 381 2815 εὔαδε
404 2759 509 2832 «γάρ
533 2781 625 2826 μοι
651 2765 808 2817 τοῦτο
834 2760 972 2815 κατὰ
996 2761 1163 2834 φρένα
1189 2762 1279 2815 καὶ
1304 2761 1442 2815 κατὰ
1469 2761 1648 2829 θυμὸν,
