2028 3230
0 0 103 37 wat}
111 0 162 13 ²-

629 251 805 286 GREEK
842 250 1211 285 HEXAMETERS.
1545 255 1562 284 1
1574 241 1601 286 8
1613 255 1629 285 1

213 370 249 439 ἢ
270 369 326 424 δέ
350 391 408 424 τε
432 373 536 425 τῶν
560 369 746 424 ἄλλων
770 368 1035 442 ὑπερέσχε
1059 369 1173 438 μέγ’
1201 369 1342 441 ἔξοχ’
1370 369 1564 442 ἀρίστη

214 452 348 513 εἶδός
372 477 430 509 τε
453 453 671 524 μέγεθός
694 475 766 517 τε,
798 453 934 526 κάρη
961 453 1050 506 ἐπὶ
1077 451 1282 507 κόλπον
1306 453 1497 524 ἐφεῖσα

213 535 344 605 ἦμεν
368 537 477 592 ἀπὸ
501 537 783 610 κροτάφων
808 535 993 602 κυνέην
1019 534 1381 607 θραυσθεῖσαν
1407 534 1600 589 ἔλυσεν

213 618 304 686 ἠδὲ
328 620 632 692 κατέψηξεν
656 624 839 693 χεῖρας
863 618 998 692 χερὶ,
1027 618 1122 673 καί
1143 617 1238 688 σφ’
1266 618 1561 672 ἐκάλεσσεν

211 703 653 773 ἐξονομακλήδην,
679 703 817 772 μέγα
841 725 898 756 τε
924 700 1244 774 στενάχουσ’
1271 702 1526 771 ἐγεγώνει,

213 787 270 840 ἐν
295 785 338 839 δ’
365 785 418 840 οἱ
439 785 797 858 ἐπισμυγερὸν
822 786 1019 858 κόρσης
1046 785 1184 839 κατὰ
1210 784 1374 856 δάκρυ
1398 785 1616 857 χέουσα,

210 867 246 936 ἢ
271 866 335 935 δὴ
360 869 572 941 φυράθη
596 871 789 938 μέλανι
811 867 1009 941 βρότῳ·
1037 867 1186 921 ἀλλὰ
1210 868 1314 939 γὰρ
1340 869 1471 939 ὄψις

211 951 390 1019 λευκὴ,
417 952 603 1025 χροίης
627 950 806 1022 νόσφι,
832 950 1141 1024 μαρανθεῖσ’
1168 952 1309 1005 ὥστε
1335 950 1549 1017 σελήνη,

210 1035 378 1107 ἥνπερ
403 1035 492 1089 ὑπ’
518 1035 663 1103 ἠοῖον
688 1034 899 1107 φαέθων
924 1035 1136 1089 ἀκτῖσιν
1162 1035 1399 1101 ἔβαλλεν

211 1116 386 1184 ἠέλιος
410 1119 661 1191 πρώταις,
689 1118 777 1172 ὅτε
801 1117 847 1172 τ’
874 1117 1094 1188 οὐρανὸν
1119 1119 1502 1189 ἀμφιβεβήκει·

211 1200 301 1253 καὶ
327 1199 370 1253 δ’
397 1201 449 1255 οἱ
471 1200 720 1270 κνημῖδας
745 1199 895 1274 μηρώ
920 1222 978 1254 τε
1001 1200 1352 1267 βεβλήκεσαν
1376 1201 1543 1273 ἀμφὶς

211 1281 379 1351 δεινῆς
404 1284 625 1353 ὑσμίνης
649 1283 990 1356 ῥαθάμιγγες,
1019 1283 1216 1353 ὕπερθε
1240 1282 1282 1335 δ’
1311 1282 1511 1356 ἔθειραι

212 1365 416 1434 ξανθαὶ,
442 1367 758 1428 λεπταλέαι,
786 1369 892 1420 τῶν
920 1365 962 1419 τ’
989 1366 1152 1433 αἴγλη
1179 1365 1352 1419 δαίετο
1377 1368 1618 1437 λαμπρὴ,

211 1453 384 1520 κρᾶτα
407 1449 826 1523 πιφαυσκομένῳ
850 1448 1120 1520 (Ὑπερίονι
1146 1448 1303 1519 αἵπερ
1330 1449 1508 1502 ἐίσκον

211 1531 379 1604 ὑψόσ’
406 1532 499 1605 ἀφ’
527 1533 786 1604 ὑψίστοιο
813 1531 1000 1603 θρόνου
1024 1531 1160 1600 μετὰ
1186 1531 1609 1600 δαιτυμόνεσσιν,

207 1615 428 1681 ἀζαλέαι
452 1615 514 1683 δὴ
540 1615 689 1683 ταίγε
714 1618 850 1685 κακῇ
877 1614 1172 1668 σκέλλοντο
1201 1614 1359 1684 κονίῃ,

208 1697 269 1764 ἠὲ
291 1696 422 1767 μάλ’
448 1698 786 1770 ἀμφοτέρωθι
810 1697 1144 1770 πεφυρμέναι
1168 1697 1390 1755 ἄλλυδις
1415 1699 1560 1768 ἄλλῃ

208 1781 341 1853 μὰψ·
365 1782 536 1841 αὔτως
562 1780 855 1854 κατέχυντ’,
885 1781 1066 1852 ἐσθλῷ
1089 1781 1369 1854 μιχθεῖσαι
1396 1781 1570 1852 ιὀύλῳ,

208 1864 456 1937 χείλεσιν
481 1865 535 1922 ὃς
559 1864 808 1937 προσφὺς
834 1864 1143 1931 ἐπενήνοθεν
1167 1864 1561 1936 ἀμφοτέροισιν.

208 1946 278 2006 ὣς
301 1949 407 2021 ἄρα
431 1953 573 2003 τοῖον
597 1949 734 2016 ἄναξ
755 1947 1118 2019 τεθραυσμένη
1143 1947 1266 2014 ἠΰτε
1291 1948 1419 2001 κίων

209 2034 349 2085 κεῖτο
372 2031 536 2100 μέγας
560 2031 885 2100 μεγαλωστί·
914 2030 940 2085 ὁ
968 2029 1011 2084 δ’
1039 2032 1134 2085 οὐκ
1162 2030 1441 2086 ἰνδάλλετο
1467 2037 1618 2094 τοῖος,

210 2112 317 2171 οἷος
341 2114 417 2168 ἐνὶ
444 2114 746 2184 Καμελώτῃ
772 2113 1053 2183 ἐϋκτιμένῳ
1078 2114 1396 2186 πτολιέθρῳ,

210 2196 437 2266 ὄβριμον
461 2197 619 2271 ἔγχος
644 2196 798 2270 ἔχων,
826 2197 929 2250 αἰεὶ
952 2196 1210 2265 βαλέοντι
1236 2197 1427 2262 ἐοικὼς,

211 2278 262 2335 ἐς
285 2282 455 2349 λόφον
479 2281 539 2334 ἐκ
562 2280 786 2348 πτέρνης
811 2280 974 2351 ἄκρης
1001 2278 1297 2348 ἐναλίγκιος
1322 2282 1519 2351 ἄστρῳ,

210 2361 484 2431 πασσυδίῃ
511 2362 648 2417 θεῖον
673 2361 787 2416 κατ’
814 2361 972 2430 ἀγῶν’
1000 2362 1216 2430 οἴμησεν
1241 2363 1393 2431 ἀΐξας

210 2443 344 2497 ἄντα
369 2443 679 2517 διοτρεφέων
703 2446 989 2512 βασιλήων
1013 2445 1103 2512 ἠδὲ
1127 2449 1402 2514 γυναικῶν.

1227 2614 1286 2660 R.
1319 2614 1387 2671 B.,
1424 2616 1559 2675 1854.

874 2890 974 2923 N2
