2028 3230
0 0 151 45 wan·
231 21 235 24 .

674 267 834 302 LATIN
871 266 1242 301 HEXAMETERS.
1577 252 1665 313 187

246 392 295 440 N
298 407 363 440 on
388 389 546 450 timor,
574 387 883 439 indecorisve
908 386 1110 436 infamia
1135 385 1274 450 signa
1298 385 1486 435 timoris
1508 406 1516 434 :

245 472 469 535 Quisque
493 469 586 520 sibi
609 471 772 531 fretus,
801 468 940 533 quasi
960 470 1064 532 jam
1089 484 1202 531 spes
1226 484 1326 515 una
1350 468 1592 530 salusque.

244 554 307 601 In
331 552 507 601 virtute
532 568 632 612 sua,
655 553 857 615 jamque
881 549 963 598 hic
987 548 1192 598 victoria
1215 557 1355 608 tanta

244 635 483 684 Vertatur.
559 634 713 681 Fama
736 630 1023 695 dignissima
1046 631 1177 678 facta
1200 631 1419 678 feruntur

245 717 504 778 Perpetua,
531 714 620 763 sed
645 722 767 776 quot
792 729 942 762 nemo
965 728 1241 761 memorare
1265 713 1462 761 valeret.

244 796 445 860 Quippe
470 812 558 859 per
580 795 860 844 inmensum
886 793 1098 858 spatium
1123 793 1387 842 furibunda
1410 794 1647 842 fremebat

245 880 432 943 Pugna,
458 894 553 927 nec
576 876 705 926 illius
729 875 878 925 facies
903 875 1183 924 certaminis
1207 892 1318 924 una.

244 961 394 1008 Nunc
418 958 578 1008 solido
602 967 824 1022 pugnant
849 973 1231 1021 campo—nunc
1257 957 1443 1006 aethera
1466 956 1646 1019 pennis

243 1039 522 1091 Innumeris
547 1039 958 1090 turbant—bellis
982 1038 1352 1087 flammantibus
1378 1038 1533 1088 aether

158 1185 164 1190 ,
240 1123 411 1183 Ardet,
438 1138 622 1186 perque
647 1138 788 1171 auras
813 1121 1103 1170 conflictant
1128 1120 1325 1184 ignibus
1355 1119 1508 1183 igneS.

245 1206 444 1254 Incerto
468 1204 695 1268 ancipitis
719 1204 894 1254 librata
919 1203 1144 1253 examine
1172 1202 1347 1251 Martis

245 1289 419 1352 Pugna
442 1286 527 1335 diu
544 1304 559 1347 3
593 1286 756 1335 donec
779 1287 1000 1346 Satanes,
1029 1284 1113 1348 qui
1137 1283 1379 1332 maximus
1403 1282 1550 1332 armis

175 1356 182 1361 .
246 1370 382 1418 Luce
406 1367 490 1416 illa
513 1368 683 1429 fuerat,
711 1366 804 1416 sibi
828 1383 932 1416 non
955 1366 1210 1415 invenerat
1233 1366 1387 1414 ullum

245 1454 410 1502 Marte
433 1467 616 1515 parem,
642 1450 882 1500 incedens
905 1466 995 1513 per
1017 1449 1192 1513 proelia
1215 1448 1334 1508 dira,
1362 1447 1614 1510 deumque

247 1533 494 1584 Confusas
518 1531 663 1592 acies,
691 1531 814 1580 vidit
838 1547 938 1594 qua
961 1530 1188 1580 cominus
1214 1545 1332 1578 ense

246 1613 504 1664 Infremuit
522 1613 697 1663 'stricto
725 1612 944 1661 Michael
969 1621 1199 1674 totasque
1224 1620 1445 1660 catervas

246 1695 488 1747 Contudit
510 1711 612 1744 uno
636 1695 751 1743 ictu.
826 1693 1062 1743 Manibus
1086 1692 1277 1742 vibrata
1300 1693 1510 1751 duobus,

245 1776 466 1827 Horrida
488 1776 599 1826 ferri
624 1775 767 1835 acies,
796 1774 1035 1824 inmensis
1059 1774 1242 1823 viribus
1267 1783 1392 1834 acta,

245 1859 476 1909 Proxima
499 1874 710 1922 quaeque
735 1856 887 1906 metit.
963 1858 1094 1904 Tum
1119 1872 1236 1905 vero
1262 1853 1489 1904 concitus
1514 1853 1584 1902 ira

245 1937 462 1987 Exitium
485 1945 540 1985 ut
562 1935 686 1984 vidit
709 1944 917 1995 tantum,
944 1943 1228 1997 stragesque
1254 1949 1466 1993 suorum,

244 2020 462 2069 Advolat
486 2018 568 2067 ille
591 2017 792 2066 inmane
815 2017 996 2076 furens,
1023 2015 1345 2065 adamantina
1367 2023 1504 2078 terga

246 2101 472 2163 Orasque
496 2099 721 2164 ingentes
747 2098 894 2162 clipei
919 2097 1269 2162 septemplicis,
1298 2097 1471 2145 orbem

246 2183 508 2230 Inmanem
531 2179 777 2244 opposuit.
852 2180 968 2241 Quo
992 2179 1113 2239 viso,
1143 2187 1306 2227 cetera
1329 2176 1449 2227 belli

246 2260 476 2311 Deseruit
501 2261 735 2322 Michael,
762 2260 1122 2323 intermisitque
1146 2260 1383 2318 laborem,

249 2344 492 2403 Intentus,
518 2341 559 2391 si
581 2343 706 2391 forte
730 2358 880 2390 manu
905 2341 946 2390 si
970 2342 1094 2390 forte
1119 2340 1338 2389 duellum

249 2423 514 2471 Infandum
538 2422 748 2483 dirimat,
776 2439 1022 2471 summum
1048 2421 1087 2470 si
1112 2421 1373 2484 perdomet
1396 2421 1591 2468 hostem

249 2502 613 2567 Captivumque
636 2505 796 2553 trahat
819 2503 1005 2552 vinclis.
1088 2505 1218 2551 Turn
1242 2503 1402 2550 fronte
1426 2499 1607 2548 minaci

248 2583 415 2631 Torva
438 2590 593 2641 tuens,
620 2580 691 2629 ira
712 2582 876 2630 vultus
900 2581 1146 2642 incensus,
1174 2579 1350 2629 amaris

247 2661 328 2712 Sic
352 2659 485 2726 prior
507 2661 790 2725 adgreditur
814 2661 975 2723 dictis,
1003 2671 1152 2726 atque
1179 2661 1402 2723 increpat
1426 2659 1568 2706 ultro.

1272 2789 1323 2836 P.
1355 2789 1431 2846 G„
1468 2787 1605 2849 1854.
