2028 3230
644 239 799 274 INDIA
835 238 1194 274 RECUPERATA.
1538 237 1630 288 451

220 361 480 421 Matronis,
506 359 687 424 pariter
709 347 840 409 mors
865 359 972 423 ipsa
996 369 1173 423 negata
1196 358 1371 422 puellis
1391 376 1403 419 3

219 443 354 505 Quid
391 441 616 506 gemitus,
653 441 774 504 quid
810 444 961 491 verba
994 442 1197 490 valent?
1234 456 1344 503 quae
1377 450 1506 500 vota,
1534 457 1640 504 pre

354 539 538 587 cesque

220 606 417 655 Oblatae
442 603 633 668 possint
656 602 914 652 infandum
938 613 1155 652 avertere
1182 604 1370 652 fatum?

220 686 505 749 Quinetiam
530 680 741 734 infantes
765 693 998 745 mactant,
1025 685 1340 748 gaudentque
1365 693 1559 733 tuentes

220 769 526 833 Sanguineos
550 777 682 816 artus
707 769 1003 816 et'membra
1026 767 1229 816 fluentia
1254 768 1440 815 tabo——

220 851 363 900 Talia
387 850 507 914 quid
531 849 711 909 dicam,
738 866 850 912 quae
875 849 1026 898 corda
1050 850 1225 898 referre
1250 850 1477 896 recusat?

223 931 462 995 Undique
489 931 620 980 enim
645 931 812 979 clades
838 931 1027 989 eadem,
1054 929 1314 992 rabiesque
1339 937 1556 988 cruenta,

222 1017 303 1063 Ira
328 1015 517 1074 eadem,
545 1022 593 1063 et
618 1013 828 1076 sanguiS‚
856 1022 988 1062 tecta
1013 1022 1062 1061 et
1086 1011 1340 1075 flagrantia
1364 1010 1576 1074 passim:

223 1095 462 1159 Undique
486 1112 574 1159 per
597 1104 775 1144 terram
800 1104 1016 1157 questus,
1045 1086 1334 1157 et‘lugubris
1358 1093 1529 1141 horror
1549 1111 1557 1140 :

222 1177 463 1241 Undique
487 1186 725 1226 matronae
750 1176 956 1240 pavidae,
985 1186 1237 1239 raptaeque
1262 1176 1440 1237 puellae
1463 1193 1471 1222 :

223 1259 448 1322 Quisque
473 1260 600 1322 fuga,
626 1259 779 1307 modo
805 1275 909 1307 sors
934 1259 1109 1317 faveat,
1137 1256 1335 1306 festinat
1359 1255 1408 1302 in
1435 1271 1577 1317 agros

224 1343 557 1404 Praepropera,
578 1339 798 1402 trepidus
814 1358 828 1400 ;
863 1347 1163 1401 noctemque
1183 1337 1415 1399 diemque
1436 1337 1645 1384 latentes

224 1421 548 1473 Semianimes
573 1421 670 1481 alii,
697 1421 910 1484 fessique
934 1422 1104 1469 labore
1129 1422 1372 1482 fameque,

226 1504 510 1552 Incolumes
535 1502 661 1551 intra
685 1518 851 1551 muros
876 1511 1128 1551 servantur
1152 1501 1352 1560 amicOS,

226 1585 373 1649 Capti
396 1584 478 1634 alii
503 1601 634 1634 saeva
657 1593 865 1633 conatus
889 1593 1047 1633 morte
1071 1584 1363 1646 rependunt.

226 1669 359 1715 Nam
382 1667 517 1716 velut
540 1665 773 1715 armentis
798 1664 962 1714 subito
987 1681 1139 1728 quum
1164 1664 1334 1713 tabida
1358 1664 1511 1726 pestis

227 1749 485 1810 Conrupto
511 1746 618 1795 caeli
643 1755 799 1795 tractu
823 1745 958 1794 venit
983 1745 1150 1794 omnia
1173 1746 1348 1793 morbo

228 1828 476 1889 Inficiens‚
503 1827 782 1877 miseranda
805 1829 924 1887 lues,
952 1827 1211 1891 gliscitque
1235 1827 1465 1890 tegendo,

228 1909 350 1959 Dira
373 1926 461 1973 per
482 1909 735 1958 incautum
760 1918 962 1971 serpunt
986 1907 1215 1972 contagia
1238 1909 1426 1971 vulgus,

229 1991 386 2041 Haud
410 1990 550 2040 aliter
574 1999 778 2040 cunctas
802 1989 971 2039 infecit
995 2005 1125 2038 saeva
1149 1990 1379 2038 cohortes

228 2072 430 2132 Sedifio,
458 2081 508 2121 et
531 2073 628 2122 late
649 2073 810 2134 jurata
834 2087 922 2134 per
945 2070 1141 2134 agmina
1166 2070 1326 2134 serpit.

230 2153 432 2217 Oppida
454 2153 504 2202 vi
528 2152 731 2216 capiunt
756 2161 804 2201 et
829 2151 1015 2200 cinctas
1040 2152 1287 2201 moenibus
1312 2153 1458 2201 urbes

231 2236 542 2298 Expugnant‚
567 2233 723 2283 victas
747 2242 854 2283 tuto
879 2232 1150 2283 munimine
1174 2234 1381 2282 firmant.

232 2317 428 2366 Cuncta
450 2316 617 2364 favent
642 2314 820 2378 coeptis
840 2332 853 2374 ;
887 2314 1029 2378 inpar
1052 2330 1112 2364 ea
1135 2330 1302 2377 pugna
1326 2313 1481 2362 videri

229 2397 547 2459 Jamdudum,
573 2395 751 2446 misera
775 2406 904 2446 sorte
930 2395 1136 2446 exitiosa
1163 2395 1418 2444 Britannis.

234 2479 352 2526 Non
376 2493 582 2527 numero
607 2486 795 2527 certant
819 2493 978 2542 aequo,
1007 2493 1109 2527 non
1134 2476 1317 2526 viribus
1342 2475 1496 2539 aequis

233 2560 353 2608 Non
379 2557 467 2617 vis,
493 2574 596 2606 non
621 2557 786 2618 virtus,
813 2575 912 2607 non
940 2575 1077 2607 arma
1102 2558 1327 2608 evincere
1354 2566 1561 2619 possunt

234 2638 402 2689 Fortia
426 2637 706 2687 barbaricas
729 2639 911 2699 turbaS‚
938 2649 987 2689 et
1012 2638 1178 2687 militis
1205 2638 1326 2686 iram

235 2723 259 2770 Ι
266 2718 503 2779 nnumeri,
530 2733 864 2783 accensasque
889 2719 1234 2783 superstitione
1259 2727 1493 2767 catervas,

1292 2857 1387 2906 Gg
