2028 3230
826 233 921 284 355

474 865 799 925 GREEK
871 866 1275 928 IAMBICS.

234 1081 408 1134 ΑΛΘ.
441 1078 519 1132 Ὠ
545 1082 738 1143 τέκνον,
764 1081 828 1149 ἦν
853 1104 932 1140 τις
957 1081 1049 1135 τὸν
1074 1082 1194 1137 καθ’,
1220 1084 1418 1156 ἡμέραν
1442 1087 1566 1150 βίον

163 1163 322 1227 νόμον
346 1166 608 1235 φυλάσσῃ
634 1164 887 1235 κάμπέδῳ
913 1164 1054 1235 σέβῃ
1081 1166 1246 1237 φρενὶ,

163 1245 293 1303 Ζεὺς
318 1246 409 1301 καὶ
435 1247 549 1301 θεοί
569 1269 650 1302 νιν
674 1247 942 1306 πανδίκως
967 1248 1248 1318 ἐπῄνεσαν.

163 1329 218 1387 ὃς
244 1328 286 1381 δ’
314 1329 383 1383 αὖ
406 1329 640 1401 πέφυκεν
665 1332 734 1388 ὡς·
757 1330 917 1399 μόνον
942 1332 1173 1402 *γλώσσῃ
1201 1337 1377 1402 φιλεῖν

164 1412 301 1484 ἔργῳ
326 1412 383 1466 δὲ
409 1412 557 1485 θυμῷ
582 1413 628 1466 τ’
655 1415 750 1468 οὐκ
775 1413 921 1485 ε’ρῶν,
950 1413 1076 1481 ἦθος
1102 1414 1282 1486 τρέφει

165 1495 458 1566 ὑφειμένοις
486 1496 708 1554 αὐθαδὲς
734 1497 789 1550 ἐν
812 1499 993 1565 λόσγοις
1017 1498 1114 1558 ἀεὶ,

164 1582 350 1633 τοῦτον
376 1578 508 1633 θεῶν
533 1601 612 1636 τις
637 1580 956 1649 παράκοπον
980 1584 1183 1651 φρενῶν
1209 1581 1341 1650 ἄγει,

165 1661 488 1733 προσωτέρω
514 1663 560 1715 τ’
587 1661 764 1715 ἔπεισι
787 1665 948 1731 μοῖρα
973 1663 1246 1732 σύμφυτος

164 1747 538 1813 κυνηνγετοῦσα,
567 1742 791 1809 τηλόθεν
817 1742 863 1796 θ’
889 1745 1160 1815 ἁμαρτιῶν

164 1828 316 1901 εὔρις·
355 1827 503 1885 κύνες
528 1827 583 1880 δέ
610 1850 689 1881 νιν
714 1827 1061 1898 καθαιροῦσιν
1084 1830 1263 1900 μόρου.

164 1910 291 1964 ἀλλ’
318 1911 602 1985 εὐτυχήσει
629 1911 759 1964 θεῶν
786 1910 1055 1982 ἰσορρόπῳ
1081 1911 1198 1982 δίκῃ

165 1995 519 2063 ξυναλλαὟείς
545 2016 637 2059 τις,
668 1995 728 2046 οὐ
755 1995 942 2063 νόμους
967 1994 1299 2066 ἀναρπάσας,

166 2076 369 2144 κόσμον
394 2077 439 2130 θ’
468 2078 725 2150 ὑπερβὰς,
752 2076 785 2144 ἢ
811 2077 1155 2149 μεθαρμόσας
1182 2079 1287 2131 νέα.

165 2159 306 2228 ’γυνὴ
323 2159 368 2212 δ’
396 2159 635 2224 ἔνοπλος,
666 2161 726 2213 οὐ
749 2161 996 2228 ’γυναικὸς
1023 2162 1077 2215 ἐν
1103 2162 1334 2233 τρόποις,

165 2241 300 2309 αὐτὴ
325 2243 456 2315 πρὸς
482 2241 646 2310 αὐτὴν
673 2244 722 2302 ἐς
745 2245 931 2316 μάχην
955 2244 1132 2311 ἢλθεν,
1161 2245 1347 2313 νόμους

169 2325 338 2389 σέβας
364 2323 410 2378 θ’
436 2325 464 2377 ὃ
489 2327 660 2380 κοινὸν
686 2326 828 2399 εἶχεν
853 2328 908 2380 ἐν
932 2331 1103 2380 πᾶσιν
1126 2327 1312 2394 νγλυκὺ,

169 2407 287 2479 ἔρον
312 2430 384 2471 τε,
414 2408 615 2474 νηπιών
639 2430 698 2461 τε
724 2408 914 2480 φθέγμ’
942 2410 1239 2474 ἐλάκτισεν,

168 2490 325 2564 χερός
349 2511 406 2543 τε
430 2491 632 2551 πίστιν,
661 2491 951 2565 χὼμόφρον
975 2493 1161 2561 «γάμων
1188 2494 1377 2561 στόμα.

169 2573 432 2646 ἀφίλητος
457 2573 594 2626 οὖσα
618 2572 716 2645 δρᾷ
742 2574 869 2627 τάδ’·
907 2577 973 2643 ἣν
999 2578 1046 2628 εἴ
1068 2598 1145 2634 τις
1172 2581 1322 2646 φιλεῖ

171 2657 232 2711 οὐ
256 2659 365 2726 πῦρ
391 2655 603 2727 σίδηρός
628 2653 690 2721 τ’,
719 2655 826 2710 οὐδ’
846 2657 1014 2728 ’Άρης
1040 2658 1361 2729 εὐρύστομος

166 2739 428 2808 ’γλώσσης
450 2738 695 2806 «γυναικός
722 2738 832 2792 ἐστ’
861 2739 1237 2812 ὀλεθριώτερον

1228 2840 1260 2870 A
1297 2841 1325 2871 a
