2028 3230
842 266 938 315 249

375 761 667 822 LATIN
725 759 1408 821 HEXAMETERS.

301 958 332 976 “
349 955 414 995 I'll
433 969 488 1008 go
508 969 564 995 no
583 968 699 995 more
717 969 727 995 :

348 1025 369 1063 I
390 1038 458 1063 am
477 1023 607 1063 afraid
627 1029 672 1063 to
691 1022 813 1062 think
832 1022 944 1062 what
965 1022 985 1061 Ι
1006 1022 1111 1062 have
1131 1022 1241 1062 done
1259 1037 1271 1071 ;

346 1092 469 1132 Look
488 1090 575 1132 on't
594 1093 729 1143 again,
754 1091 776 1131 1
797 1091 896 1131 dare
915 1089 1389 1131 not.'’-—SHAKSPERE.

723 1255 834 1303 PER
857 1254 1002 1303 devia
1027 1255 1133 1303 sola
1154 1252 1343 1302 viarum

183 1336 386 1386 Emensi
410 1344 598 1387 tractus
624 1346 673 1387 et
696 1338 848 1400 longa
872 1335 1068 1386 silentia
1092 1335 1269 1399 campi,

185 1418 268 1466 Ad
291 1427 488 1467 montes
511 1418 716 1468 veniunt
733 1436 747 1478 3
782 1418 895 1478 illic,
923 1435 1021 1481 qua
1043 1417 1253 1481 plurima
1276 1426 1462 1465 tectum

185 1498 338 1563 Virga
361 1499 502 1550 dedit
526 1499 667 1549 nexis
691 1499 838 1548 ramis
863 1499 911 1547 in
937 1507 1075 1562 parte
1101 1498 1276 1561 supina

188 1582 369 1644 Ignota
392 1579 631 1645 agricolis,
659 1580 853 1644 patiens
879 1589 928 1629 et
952 1589 1097 1628 cauta
1120 1581 1311 1628 locatur

188 1661 432 1711 Insidiata
450 1679 638 1710 manus.
718 1663 965 1710 Ductores
990 1661 1107 1710 inde
1132 1663 1371 1710 tenebant

186 1744 357 1793 Solum
380 1742 484 1803 iter,
512 1742 830 1806 obliquisque
854 1741 946 1791 viis
972 1741 1111 1805 queis
1137 1742 1233 1790 itur
1255 1742 1320 1790 ad
1345 1743 1445 1791 alta

189 1824 434 1886 Culmina‚
462 1824 549 1874 ubi
573 1810 746 1874 subter
766 1824 908 1874 sedes
932 1824 1150 1872 habuere
1176 1822 1396 1872 Britanni

191 1909 475 1968 MontanaS‚
502 1908 749 1956 scandunt
766 1925 780 1968 3
815 1914 1047 1955 constant
1071 1904 1122 1953 in
1146 1904 1328 1954 vertice
1354 1921 1547 1954 summo

191 1989 466 2052 Explorant
491 1997 541 2037 et
564 1987 749 2037 abhinc
774 1987 984 2037 declivia
1008 1987 1206 2048 montis,
1234 1989 1297 2036 ab
1323 1989 1424 2036 alto

191 2071 390 2133 Integra
413 2086 712 2133 purpureum
738 2070 858 2118 dum
882 2071 999 2117 luna
1022 2086 1110 2132 per
1133 2071 1245 2117 aera
1268 2070 1432 2132 fulget.

192 2149 447 2200 Continuo
471 2168 618 2215 rupes
643 2151 808 2201 subito
832 2160 1079 2214 praerupta
1099 2151 1300 2213 jacebat

195 2230 349 2292 Invia,
375 2233 512 2281 nuda
530 2249 544 2293 3
579 2231 680 2281 illic
702 2232 870 2282 media
893 2231 1021 2281 inter
1045 2248 1175 2292 saxa,
1203 2233 1416 2281 latebras

196 2310 400 2373 Ignotas
424 2310 579 2359 oculis
603 2310 861 2360 hominum
884 2309 1190 2370 manibusve,
1217 2311 1428 2359 latentes

197 2391 245 2438 N
249 2389 468 2439 idificant
491 2391 682 2454 aquilae.
756 2394 930 2455 Rupes
954 2391 1071 2439 hinc
1095 2392 1250 2439 multa
1274 2392 1469 2455 vaganti

196 2471 416 2536 Longius
439 2471 710 2536 interrupta
732 2472 866 2523 viam
893 2473 1130 2536 silvaeque
1154 2483 1361 2523 vetustae

198 2551 463 2602 Difficilem
487 2554 659 2603 fecere.
736 2556 779 2603 E
802 2555 1005 2618 rupibus
1029 2555 1250 2618 undique
1275 2572 1420 2618 rupes

198 2635 498 2698 Carpebant,
525 2634 621 2683 oris
647 2637 963 2699 scopulorum
989 2644 1037 2686 et
1063 2636 1228 2699 stipite
1254 2638 1423 2684 crebra

199 2719 427 2780 Longum
452 2733 577 2779 opus
603 2726 652 2766 et
675 2718 851 2766 durum
875 2735 1013 2768 ramo
1038 2727 1087 2768 et
1111 2718 1276 2767 radice
1297 2719 1536 2780 juvantes.

201 2801 327 2849 Mox
350 2798 478 2848 inter
500 2798 697 2848 frutices
722 2799 841 2848 caeci
866 2801 1051 2850 latuere
1074 2818 1163 2864 per
1184 2801 1388 2849 herbam
