2028 3230
701 206 863 242 LA‘rm
900 207 1163 242 ELEG1Acs.
1556 205 1647 257 147

219 327 379 380 Ocior
398 329 568 379 effusae
591 326 640 377 vi
663 327 1126 392 grandinis—ocior
1151 330 1298 387 Eum,

289 409 446 461 Ocior
466 419 519 460 et
541 409 704 459 noctis
728 409 934 459 fulmine
958 411 1142 458 cumba
1164 410 1330 458 volat:

218 493 419 543 Cumba
440 493 822 555 volat—spuma
845 509 932 541 seu
957 491 1136 541 summi
1160 492 1367 540 fluctuat
1390 500 1553 551 aestus,

286 575 386 624 Seu
409 573 600 624 tumida
622 574 842 623 adversae
867 582 1072 637 pectora
1095 573 1260 636 pulsat
1283 588 1440 635 aquae.

217 770 314 818 Ast
334 766 422 817 ubi
447 767 710 831 Norvegiae
735 768 940 816 tandem
963 766 1281 830 pervenimus
1308 782 1433 827 oras,

284 850 465 898 AEolus
490 848 647 898 aerios
671 848 1006 912 suppeditavit
1033 865 1190 911 equos
1210 867 1224 910 3

218 932 330 981 Nec
352 930 749 980 mora—rimatae
774 929 1291 978 silvas—tranavimus
1316 945 1557 977 amnes—

286 1013 456 1062 Imber
479 1020 529 1061 et
554 1012 738 1062 effrena
760 1010 974 1060 vincitur
996 1010 1102 1074 ipse
1127 1012 1254 1074 fuga.

217 1208 452 1260 Culmina
475 1208 596 1272 quid
620 1207 794 1272 pernix
817 1216 1045 1272 peragrat
1070 1207 1110 1256 si
1135 1208 1285 1256 dama
1310 1208 1574 1267 Lomondi,

284 1292 350 1342 Et
371 1290 574 1354 rapidus
600 1300 760 1339 currat
784 1307 872 1354 per
892 1292 1012 1353 juga
1037 1307 1230 1339 summa
1256 1290 1392 1339 canis
1417 1310 1426 1338 :

215 1373 415 1436 Quidve
441 1389 590 1422 canes
614 1372 750 1435 ipsos
775 1372 934 1435 possit
959 1372 998 1420 si
1022 1372 1221 1421 vincere
1246 1389 1432 1432 cervus,

282 1456 411 1505 Cum
435 1463 729 1504 venatorum
753 1453 966 1503 buccina
991 1470 1124 1502 saeva
1148 1463 1362 1502 sonat—-

213 1641 334 1689 Non
358 1647 526 1688 tamen
550 1638 773 1702 alipedes
797 1637 930 1687 cervi
954 1638 1180 1687 damaeve
1204 1638 1420 1702 fugaces,

237 1772 247 1779 ,
281 1722 488 1771 Currere
511 1737 607 1769 nec
630 1729 797 1769 suetus
822 1735 910 1782 per
929 1721 1050 1782 juga
1074 1735 1267 1767 summa
1291 1719 1428 1768 canis
1451 1737 1463 1778 3

212 1804 342 1852 Tam
364 1801 524 1865 rapidi
548 1801 718 1861 clivos,
746 1801 1013 1860 convalles,
1042 1809 1219 1863 tesqua
1242 1811 1505 1863 pererrant,

281 1882 588 1933 Flaminibus
612 1882 767 1931 nostri
793 1898 943 1945 quam
967 1881 1225 1945 rapiuntur
1250 1881 1376 1944 equi.

213 2069 308 2116 Per
329 2067 543 2116 latebras
567 2066 778 2115 humiles
803 2075 852 2115 et
877 2083 966 2129 per
988 2075 1234 2129 praerupta
1262 2066 1482 2115 Dofrinae

276 2149 418 2209 Saxa,
445 2148 760 2212 supercilium
785 2165 979 2212 surgere
1004 2149 1227 2210 adusque
1252 2147 1354 2210 poli
1374 2167 1383 2196 :

213 2231 349 2278 Dum
371 2229 582 2294 pedibus
608 2230 788 2278 candet
812 2229 894 2278 via
917 2245 1174 2292 nunquam
1198 2229 1312 2278 trita
1335 2229 1567 2292 profanis,

279 2311 490 2372 Gaudet,
516 2320 755 2375 perpetua
778 2310 1025 2375 relligiosa
1048 2310 1174 2360 nive.

208 2493 395 2540 Verum
418 2491 504 2540 ubi
529 2492 803 2556 Lapponiae
829 2493 1048 2542 desertas
1073 2492 1299 2542 venimus
1325 2509 1449 2553 oras,

277 2574 620 2637 Nympharum
644 2575 874 2623 adstabat
899 2591 1111 2638 quaeque
1136 2584 1307 2638 parata
1329 2576 1509 2624 cohors
1534 2594 1541 2622 :

209 2653 410 2717 Quippe
435 2656 754 2704 celebrabant
779 2655 927 2705 Genii
953 2656 1178 2705 solennia
1202 2658 1339 2716 festa,

275 2735 327 2786 Si
352 2735 462 2799 quis
490 2737 821 2799 Hyperboreo
844 2753 996 2800 regna
1021 2739 1111 2786 sub
1138 2753 1229 2786 axe
1256 2746 1402 2786 tenet.

1333 2832 1364 2865 L
