2028 3230
652 238 829 273 GREEK
866 238 1234 274 HEXAMETERS.
1567 246 1590 277 2
1605 245 1659 294 15

231 356 321 412 καὶ
345 358 436 412 νῦν
462 354 659 429 θάρσος
683 358 799 424 ἐμοὶ
823 357 1038 426 κραδίης
1061 359 1358 424 βένθεσσιν
1386 363 1597 435 ὄρωρεν,

231 438 388 497 αἰνῶς
412 439 455 493 δ’
483 440 552 494 αὖ
577 439 779 495 θανέειν
806 439 1071 510 ἱμείρομαι
1093 441 1185 510 ἠδὲ
1209 443 1407 507 βιῶναι

232 521 465 594 πατρίδα
489 521 552 589 δὴ
575 523 756 595 ῥύσας,
784 522 861 591 ἠδ’
889 523 1080 582 ἄλλοις
1106 525 1283 593 θαῦμα
1307 526 1571 595 γενέσθαι.

232 605 292 659 αἶ
312 604 417 678 ’γὰρ
442 607 498 660 ἐν
521 604 757 676 οὔροισιν
783 610 873 661 νῦν
898 607 1087 675 ἠϊθέων
1113 610 1398 679 Γερμάνων

231 690 436 760 πρῶτοι
460 686 716 755 ὁμιλαδὸν
742 689 843 744 εἶεν
868 690 1144 761 ὁμηγερέες
1171 714 1229 746 τε
1252 692 1504 760 «γένοιντο,

232 771 284 829 ἔς
309 793 367 826 τε
389 771 517 841 μίαν
541 771 750 843 σπουδῇ
774 772 1150 836 βουλεύσαιντ’
1177 775 1544 831 ἀλλοδαποῖσι

231 853 431 922 μήποθ’
458 855 783 920 ὑπείκεσθαι,
813 856 934 910 τότε
959 856 1022 925 δή
1047 857 1093 930 ρ’
1121 859 1334 913 οὔλοισι
1359 858 1622 914 πόδεσσιν

233 937 296 992 οὔ
320 935 366 991 κ’
394 937 473 992 ἔτι
495 937 732 1002 βαίνοιεν
754 938 927 1012 χθόνα
953 941 1138 1006 καλήν·
1178 941 1295 995 οὐδὲ
1321 942 1522 1000 ἔδοντες

233 1021 441 1093 καρπὸν
466 1022 521 1076 ἐν
546 1021 845 1094 ὀφθαλμοῖς
869 1023 1043 1090 ἡμέων
1068 1023 1258 1094 ἄνδρας
1283 1047 1372 1079 κεν
1397 1025 1575 1094 ἄγοιεν

234 1101 469 1167 δούλους,
497 1103 721 1170 ληϊάδας
746 1127 804 1158 τε
827 1110 1078 1175 ’γυναῖκας
1104 1107 1425 1179 παρθενικάς
1451 1129 1523 1164 τε.

231 1191 398 1257 μῆτερ
425 1186 540 1255 ἐμὴ,
567 1186 757 1256 ἔτυμον
781 1188 1075 1258 καταλέξω,
1106 1190 1180 1244 ἐνὶ
1208 1191 1369 1262 φρεσὶ
1394 1190 1574 1258 βουλὴ

235 1269 354 1323 ἐστὶ
377 1268 680 1340 βαθείῃσιν,
706 1271 860 1338 μάλα
885 1271 1163 1344 θαρροῦνθ’
1189 1274 1303 1326 ὅττι
1328 1273 1568 1346 τάχιστα

233 1356 406 1407 ποιεῖν
431 1352 500 1410 ὡς
525 1351 677 1422 δοκέῃ
701 1375 793 1422 μοι
817 1356 1073 1426 λῳίτερον
1099 1356 1187 1409 καὶ
1214 1356 1442 1424 ἄμεινον·

234 1436 297 1490 οὐ
320 1434 425 1508 ’γὰρ
451 1437 829 1507 φρασσάμενος
854 1437 948 1503 δὴν
973 1438 1087 1492 αἰὲν
1111 1439 1273 1510 κρίνει
1299 1439 1533 1511 ἄριστον.

235 1518 424 1580 οὐκέτι,
450 1523 614 1591 μῆτερ
641 1517 754 1587 ἐμὴ,
781 1519 951 1574 πάλιν
976 1521 1151 1575 οἴκαδε
1178 1522 1463 1594 τρέψομαι·
1503 1523 1650 1578 ἔνθεν

234 1601 382 1672 αἶψα
415 1601 621 1674 ταχέως
658 1601 819 1674 προτὶ
858 1602 999 1657 ἄστυ
1038 1604 1149 1667 κίω,
1186 1605 1403 1678 στράτῳ
1443 1606 1511 1664 ὡς
1552 1607 1663 1660 ἐπι-

378 1682 564 1739 δώσων

236 1765 400 1834 θυμὸν
426 1766 551 1836 ἐμὸν
573 1767 758 1842 χεῖράς
782 1789 841 1822 τε
866 1768 1028 1839 φίλης
1053 1770 1175 1843 περὶ
1202 1771 1458 1845 πατρίδος
1483 1772 1647 1839 αἴης.”

1173 1940 1238 1986 H.
1271 1939 1316 1988 S.
1347 1941 1418 1999 P.‚
1451 1942 1590 2004 1855.
