2028 3230
813 242 908 296 315

376 768 702 835 GREEK
759 771 1444 833 HEXAMETERS.

526 969 615 1008 Πῶς
635 964 761 1014 ἦλθες
780 966 856 1006 ὑπὸ
880 964 1004 1017 ζόφον
1023 964 1224 1018 ἠερόεντα

280 1030 378 1082 ζωὸς
397 1032 498 1076 ἐών;
527 1033 719 1084 χαλεπὸν
738 1031 782 1072 δὲ
802 1031 901 1072 τάδε
924 1031 1083 1082 ζωοῖσιν
1104 1032 1544 1084 ὁρᾶσθαι.--ΗΟΜΕΚ.

196 1196 450 1258 ΧΑΙΡΕ,
469 1195 612 1267 φόως
630 1195 805 1264 ἁγνὸν,
836 1195 926 1250 εἴτ’
945 1197 1012 1268 ἂρ
1031 1195 1179 1263 «γένος
1205 1196 1429 1265 οὐρανοῦ
1454 1194 1621 1248 ἔπλευ

198 1279 379 1341 καλὸν,
405 1279 756 1348 πρωτόγονον,
782 1278 817 1346 ἢ
842 1278 932 1332 καὶ
958 1280 1099 1331 Θεοῦ
1124 1278 1238 1332 αἰὲν
1262 1278 1437 1335 ἐόντος·

198 1361 311 1418 αἰὲν
335 1359 475 1417 εὀῦσ’
501 1362 653 1430 αὐγή·
690 1362 765 1430 μὴ
788 1361 894 1432 «γάρ
920 1360 972 1414 σ’
998 1360 1232 1429 ἀλίτοιμ’
1259 1359 1542 1428 ὀνομάζων·

198 1443 354 1503 αὐτὸς
380 1444 495 1498 ἐπεὶ
521 1443 655 1501 Θεός
675 1446 792 1498 ἐστι
819 1445 976 1516 φόως,
1006 1444 1095 1497 καὶ
1121 1444 1351 1512 νωλεμὲς·
1377 1443 1480 1497 αἰεὶ

198 1529 253 1581 ἐν
278 1527 440 1581 σέλαϊ
463 1527 718 1588 ναίεσκεν,
746 1528 775 1580 ὅ
800 1526 844 1581 τ’
873 1529 935 1581 οὐ
961 1526 1110 1581 δῦναι
1134 1526 1332 1595 βροτὸν
1357 1524 1491 1586 ἔστι,

199 1611 296 1664 σόν
318 1633 380 1680 γε
406 1610 562 1683 φόως,
590 1612 765 1684 ἀρχῆς·
791 1608 1051 1682 ἐρικυδέος
1077 1610 1191 1663 αἰὲν
1217 1607 1405 1674 ἐούσης

198 1692 472 1761 ἐκπεφυυῖ’
498 1693 677 1762 αἴγλη.
751 1692 785 1760 ἥ
809 1715 916 1746 που
939 1691 1156 1760 μᾶλλόν
1182 1715 1247 1746 σε
1272 1691 1527 1745 καλέσσω

197 1774 350 1851 χεῦμ’
377 1777 551 1844 ἁγνὸν,
583 1775 779 1843 ζάθεον·
818 1780 913 1831 τοῦ
938 1775 1016 1833 τίς
1040 1774 1220 1842 ’γενεὴν
1246 1775 1525 1843 καταλέξει
1546 1799 1563 1838 ;

197 1860 379 1928 ἠελίου
401 1860 676 1932 πρότερον,
703 1857 963 1930 πρότερον
988 1858 1043 1911 δὲ
1079 1858 1169 1911 καὶ
1195 1860 1419 1928 οὐρανοῦ
1444 1858 1604 1926 ἦσθα,

197 1943 302 2005 καὶ,
329 1945 471 1997 Θεοῦ
494 1942 837 2010 αὐδήσαντος,
865 1941 1011 2014 ἄφαρ
1038 1941 1127 1996 νέα
1152 1941 1326 2003 βένθε’
1354 1943 1571 2013 ἐρεμνοῦ

197 2025 466 2098 ἠμφιέσας
488 2025 703 2087 πόντου,
731 2028 898 2097 φᾶρος
923 2025 1006 2082 ὥς·
1046 2025 1135 2078 τὸν
1161 2024 1202 2077 δ’
1234 2024 1479 2081 ἐσάωσας

200 2110 260 2163 ἐκ
283 2113 476 2163 κενεοῖο
499 2109 772 2180 βερέθρου,
800 2108 1089 2180 ἀπείρονος,
1116 2107 1418 2178 ἠεροείδους.

200 2195 291 2246 νῦν
315 2190 509 2261 δύομαί
529 2190 580 2244 σ’
608 2193 830 2260 ἐξαῦτις,
857 2191 1179 2259 ἀλευάμενος
1205 2191 1409 2260 Στυγὸς
1435 2190 1590 2261 ὕδωρ,

202 2274 526 2346 θαρσαλέαις
540 2274 868 2345 πτερύγεσσι
888 2277 1220 2345 φορούμενος·
1242 2275 1366 2328 ἔνθα
1386 2274 1431 2328 τ’
1450 2274 1628 2341 ἔμεινα

200 2355 436 2423 δηθύνων
458 2358 610 2424 μάλα
635 2357 792 2430 δηρὸν
817 2357 891 2412 ἐνὶ
918 2357 1220 2430 δνοφεροῖσι
1246 2357 1502 2427 δόμοισιν.

203 2440 316 2497 ἑίως·
339 2441 435 2508 μέν
459 2439 504 2493 τ’
530 2439 723 2508 ἤϊσσον
748 2438 837 2495 ὑπ’
865 2441 925 2494 ἐκ
952 2439 1114 2512 ζόφου
1138 2442 1427 2511 εὐρώεντος,

204 2523 393 2581 ἰθύσας
415 2514 727 2595 Ἐρέβεσφι,
756 2525 882 2582 τέως
907 2524 1043 2597 χάος·
1068 2524 1214 2578 αἰνὸν
1238 2523 1411 2577 ἄειδον

204 2604 366 2661 νύκτα
392 2603 437 2658 τ’
463 2605 786 2677 ἀπειρεσίην,
815 2607 1056 2678 φθογγὴν
1081 2607 1253 2679 ἀφιεὶς
1280 2605 1625 2665 στονόεσσαν,

204 2688 318 2755 οἵην
336 2689 431 2742 οὐκ
454 2686 692 2759 Ὀρφῆος
719 2687 782 2742 ἵει
806 2690 939 2744 ποτὲ
963 2689 1134 2763 ἠχέτα
1160 2688 1408 2760 φόρμιγξ.

205 2770 309 2825 οὐδ’
338 2770 443 2843 ἄρα
467 2792 549 2824 τοι
576 2769 783 2824 ἔδδεισα
809 2771 922 2826 κατ’
949 2771 1195 2844 ἠερόεντα
1221 2770 1446 2824 κέλευθα
