2028 3230
713 255 895 290 GREEK
931 256 1161 292 1AM131cs,
1555 260 1650 310 337

221 374 438 442 ,ὑπάτην
459 377 698 448 μακαιρᾷ
723 375 846 445 τῇδε
870 376 1186 449 συγχαίρειν
1210 378 1388 450 χαρὰν

227 458 291 527 ὴν
315 457 497 514 οὔποτ’
522 457 674 516 αὖθις
698 457 818 513 οὐδὲ
842 460 1192 531 προσβλέψω
1219 461 1403 519 τάλας.

285 625 459 679 ΘΕΟ.
505 623 584 682 Σὺ
599 623 642 678 δ’
659 626 692 692 ἡ
707 623 1112 680 ’πολακτίσασα
1135 627 1269 699 πρὸς
1286 629 1441 700 κόρον
1465 630 1653 701 φρενὸς

227 707 379 776 ἡμᾶς,
407 707 599 781 χθονός
623 730 681 762 τε
706 707 827 766 τοὺς
851 708 1255 782 πολισσούχους
1282 710 1443 778 θεοὺς,

227 791 406 862 φοβοῦ
429 790 535 845 τόδ’
563 793 831 854 ἐννοοῦσα,
859 791 949 846 καὶ
972 792 1077 861 γὰρ
1103 794 1165 847 οὐ
1191 793 1293 866 θεῷ

228 872 399 945 τοιῷδ’
426 873 743 945 ὖπηρετοῦσ’
770 875 837 929 ἂν
862 875 920 927 ἐκ
946 879 1122 929 κακῶν
1147 876 1348 947 φύγοις.

228 958 357 1011 κούκ
381 956 495 1012 ἔσθ’
519 958 664 1016 ὅπως
690 980 754 1012 σε
777 957 1009 1012 ποντίων
1032 959 1220 1031 μύχων
1245 962 1379 1015 ποτὲ

228 1041 529 1109 ναυαγίοισι
553 1045 786 1098 πλοῦτος
812 1042 1258 1114 ἐμπληρουμένων

227 1124 410 1186 σώσει,
434 1124 721 1194 μετάλλων
745 1122 791 1178 τ’
818 1125 914 1178 οὐκ
938 1125 1399 1193 ἐπισκοπούμενον

227 1207 451 1275 πλῆθος,
479 1207 606 1266 Διὸς
633 1208 897 1278 θησαυρὸς
922 1206 1155 1276 ἅγνωτος
1179 1210 1411 1281 βροτοῖς.

229 1290 300 1344 σὺ
325 1289 368 1343 δ’
395 1290 487 1345 οὖν
511 1292 690 1363 φοβοῦ
713 1291 990 1362 βλέψασα
1016 1289 1224 1365 δειλαίᾳ
1250 1294 1402 1364 φρενὶ

230 1374 289 1428 τί
308 1373 371 1441 δὴ
399 1373 574 1429 θανεῖν
597 1375 709 1443 μὲν,
737 1373 795 1428 τί
815 1373 872 1428 δὲ
897 1374 1185 1440 νεάζουσαν
1211 1375 1400 1440 θανεῖν,

227 1457 420 1526 γάνους
444 1455 490 1510 τ’
517 1458 715 1530 ἐρήμην
738 1457 940 1515 παντὸς
967 1457 1247 1515 εἰς“Αιδου
1270 1463 1470 1525 μολεῖν,

228 1540 366 1595 ὅπου
388 1541 636 1614 χλιδαῖσι
661 1538 817 1594 πάντ’
845 1540 1231 1609 ἐναντιούμενα,

230 1622 421 1685 ὀπίσω,
449 1623 716 1696 πρόσωθε,
745 1623 1010 1677 πάντοθέν
1035 1622 1080 1676 τ’
1108 1622 1358 1694 Ἑρίνυες·

231 1706 379 1763 ταῦτ’
406 1708 496 1761 οὖν
521 1706 722 1776 ὀδύρου,
752 1707 874 1760 κᾶτι
899 1705 1051 1761 τῶνδ’
1077 1707 1318 1776 ἀλγίονα,

231 1795 324 1858 τῆς
349 1791 410 1844 οὐ
433 1790 682 1863 βροτείας
707 1789 892 1857 ἡδονῆς
916 1791 1233 1860 μεμνημένη,

231 1877 426 1927 πασῶν
452 1873 499 1926 θ’
525 1874 668 1928 ὅσων
693 1874 758 1927 ἂν
784 1874 943 1948 ἔσχες
970 1874 1195 1940 εὐσεβὴς
1220 1877 1403 1948 χαρῶν

230 1960 427 2031 τυχεῖν,
455 1958 562 2012 ἐκεῖ
582 1957 839 2021 λαβοῦσα
864 1957 1148 2026 τάπιτίμια

230 2044 340 2100 τοῖς
363 2039 768 2114 προσπόλοισιν
793 2041 880 2094 οἶα
906 2040 1196 2110 δωροῦνται
1221 2039 1343 2094 θεοί·

231 2124 322 2179 καὶ
344 2124 450 2194 μὴν
475 2124 626 2195 ξίφος
650 2124 916 2196 φθάσασα
942 2123 1080 2192 σοίγ’
1107 2123 1308 2192 ἀθυμία

234 2206 427 2279 φρεσὶν
450 2207 659 2280 παρείη,
692 2206 808 2279 τῷδ’
837 2206 919 2260 ἐπ’
946 2208 1178 2278 ἀλγεινῷ
1204 2207 1382 2275 στέγει

232 2292 448 2361 πρῶτον
472 2289 745 2361 στιβούσῃ
769 2292 925 2358 βῆμα
950 2295 1044 2345 τοῦ
1069 2290 1215 2344 κάτω
1241 2294 1440 2356 μολεῖν.

306 2457 475 2508 ΑΝΤ.
513 2453 665 2510 Ἰδοῦ·
702 2458 840 2527 γελᾷ
867 2455 928 2523 νὴ
955 2458 1116 2522 Ζῆνα·
1155 2457 1445 2526 κᾶτρεστος
1469 2456 1618 2526 γελᾷ·

235 2535 406 2591 δοκεῖν
429 2538 564 2591 ἔοικε
589 2538 819 2592 θάνατον
844 2539 905 2592 οὐ
930 2540 1162 2608 φεύκτου
1186 2538 1343 2611 χερὸς

234 2621 643 2689 ἀμνημονήσειν,
668 2622 734 2690 ἤν
759 2644 842 2675 νιν
868 2620 1101 2694 ἰσχυρὰν
1127 2621 1225 2691 ἴδῃ.

309 2786 483 2840 ΘΕΟ.
527 2783 650 2856 'Ap'
667 2786 863 2857 ἐγγελᾷ,
886 2807 1006 2854 μοις
1034 2788 1248 2839 παῖσον·
1277 2782 1499 2855 ἀρκείτω
1524 2782 1656 2846 βίος.
