2028 3230
455 262 685 307 NICOLAI,
725 261 1004 296 RUSSORUM
1043 260 1208 304 ποις,
1248 260 1446 294 οΒιΤυε.
1571 256 1668 308 447

252 386 391 433 Luce
415 383 631 438 cadente
651 382 836 431 micant
859 402 868 431 :
907 382 1004 431 illic
1029 381 1247 430 victricia
1270 381 1411 430 miles

254 466 402 515 Exuit
425 482 588 514 arma:
627 464 728 514 illic
752 474 930 514 terram
955 464 1133 513 diffusa
1156 481 1244 527 per
1268 480 1468 513 ornnem

252 550 477 611 Corpora
517 548 671 596 multa
708 548 877 609 jacent
895 564 908 606 3
957 563 1047 596 ceu
1090 547 1292 609 quando
1340 545 1570 609 inopinus
1619 545 1668 593 in

385 631 535 679 altam

254 711 468 760 Inruerit
494 713 677 759 Boreas
703 709 890 770 silvam,
919 726 1065 758 rauca
1089 709 1205 757 inde
1230 709 1446 771 procella

253 793 435 843 Sternit
459 791 597 840 humi
623 792 837 851 frondes,
865 801 914 840 et
939 790 1108 854 dejicit
1131 790 1351 853 undique
1376 806 1549 838 ramos.

254 874 470 939 Cynthia
493 875 579 923 dat
603 873 792 922 miseris
817 875 977 922 lucem
1003 872 1291 922 mortalibus
1315 874 1510 932 almam,

255 958 320 1006 Et
343 958 476 1005 furor
500 972 760 1010 armorum,
774 964 935 1004 cessat
956 974 965 1003 ε
1003 954 1112 1018 quis
1138 963 1303 1003 tantus
1329 954 1379 1002 in
1405 971 1544 1003 aures

256 1039 499 1088 Perfertur
555 1037 803 1101 gemitus?
862 1053 1030 1086 nonne
1088 1037 1231 1095 hanc,
1293 1038 1403 1085 Dea
1464 1035 1664 1095 Lucida,

387 1119 578 1168 caedem

253 1203 493 1250 Aversata
515 1199 691 1248 vides?
727 1199 976 1263 adopertis
1003 1208 1140 1248 tanta
1164 1199 1377 1247 virorum

256 1284 448 1331 Funera
472 1297 642 1330 nonne
667 1281 823 1330 oculis
849 1284 1057 1330 cernes?
1093 1290 1336 1329 nocturna
1361 1280 1578 1344 maligno

258 1365 364 1411 En!
400 1363 529 1426 pede
556 1363 696 1411 Mors
722 1361 873 1421 saevit,
902 1378 1180 1425 campoque
1206 1361 1394 1411 incedit
1418 1371 1604 1424 aperto.

256 1447 361 1493 Vos
385 1443 563 1492 animae
589 1444 753 1503 fortes,
782 1459 908 1506 quos
932 1443 983 1490 in
1009 1451 1258 1491 certamen
1282 1442 1503 1505 iniquum

259 1525 398 1574 Misit
421 1541 561 1574 amor
584 1524 768 1588 patriae,
798 1533 847 1573 et
873 1524 1091 1572 crudelia
1115 1525 1215 1572 fata
1238 1534 1490 1583 vocarunt,

256 1609 396 1670 Quos
421 1606 576 1656 hostis
601 1605 862 1669 prostravit
886 1605 1035 1665 humi,
1065 1622 1190 1668 quos
1220 1605 1422 1654 dextera
1447 1615 1572 1654 terra

258 1688 518 1738 Barbarica
540 1687 731 1751 positos
756 1687 1022 1736 inhonesto
1048 1687 1247 1735 vulnere
1273 1686 1466 1735 fodit—

251 1769 376 1826 .Vos,
404 1783 516 1815 mea
541 1766 580 1814 si
604 1774 767 1814 tantas
793 1765 842 1812 in
868 1774 1052 1828 strages
1077 1764 1235 1813 lenior
1258 1781 1478 1827 unquam

259 1851 339 1897 Ira
362 1847 465 1907 fuit,
493 1847 629 1896 tenui
655 1856 820 1894 tamen
846 1862 933 1894 oro
960 1845 1199 1909 ignoscite
1224 1847 1441 1894 musae*!

257 1929 375 1978 Vidi
401 1945 506 1992 ego,
536 1932 702 1991 quos†
728 1937 875 1975 antea
900 1928 1023 1976 duro
1049 1927 1099 1974 in
1124 1927 1392 1975 certamine
1418 1928 1568 1975 fatum

260 2011 545 2070 Miscuerat,
573 2009 871 2072 paribusque
898 2008 1025 2057 odiis
1051 2008 1134 2071 qui
1159 2009 1384 2057 cominus
1409 2025 1553 2072 aequo

260 2095 421 2142 Marte
447 2092 566 2141 olim
591 2090 997 2140 steterant—vidi
1023 2099 1208 2138 certare
1235 2091 1325 2138 sub
1352 2090 1509 2139 isdem

260 2174 467 2224 Vexillis
491 2190 604 2234 una,
633 2172 879 2235 sociisque
904 2171 1127 2221 resistere
1153 2171 1201 2219 in
1229 2171 1387 2220 armis.

262 2255 372 2316 Dic,
399 2272 586 2318 precor,
614 2255 665 2302 in
690 2263 881 2303 tantum
908 2253 1027 2316 quid
1052 2252 1334 2302 conciliavit
1358 2257 1612 2302 amorem?

260 2336 446 2386 Adlicit
470 2338 618 2384 Alma
640 2334 1184 2397 animos—conjunctis
1209 2334 1315 2383 dira
1340 2334 1531 2398 periclis

262 2418 446 2467 Firmat
470 2418 736 2467 amicitiam
761 2417 914 2478 vallis,
944 2417 1164 2480 sociique
1189 2418 1382 2466 labores
1404 2420 1411 2463 ἕ

262 2502 309 2551 O
331 2503 339 2547 !
376 2499 567 2548 utinam
592 2500 826 2563 pulchros
853 2499 1018 2562 cingat
1045 2501 1149 2546 Pax
1174 2499 1287 2546 laeta
1313 2497 1585 2559 triumphos
1606 2500 1614 2544 1

317 2671 343 2697 *θ
433 2672 463 2690 “
480 2670 646 2709 Pardon
665 2683 744 2718 me,
770 2669 871 2709 thou
890 2669 1030 2721 gentle
1050 2671 1165 2721 piece
1186 2667 1234 2706 of
1249 2666 1444 2718 bleeding
1464 2668 1590 2716 earth,

264 2736 374 2775 That
396 2735 415 2774 I
437 2748 506 2774 am
528 2734 647 2774 meek
664 2735 746 2774 and
766 2734 890 2787 lowly
906 2735 1005 2774 with
1018 2734 1133 2774 these
1148 2731 1541 2784 butchers.'’——JUL.
1565 2735 1680 2774 CAcs.

318 2806 348 2848 †
377 2800 469 2840 The
491 2801 618 2848 (now)
642 2799 787 2839 Allies.
