2028 3230
664 206 821 240 LATIN
861 204 1232 239 HEXAMETERS.
1569 202 1661 254 207

243 330 421 377 Mutua
445 328 566 377 dant
589 344 764 391 operas
788 325 916 376 inter
939 343 992 375 se
1016 335 1196 374 cuncta
1216 345 1225 375 :
1262 342 1356 374 nec
1380 327 1480 374 ulla

239 409 406 461 Unica
427 427 504 460 res
529 418 715 459 exstat:
753 408 859 458 sine
882 410 981 457 fine
1006 416 1184 456 catena
1207 407 1450 470 perennis.

269 618 277 623 .
311 575 447 622 Num
473 574 611 622 Deus
635 580 750 622 ante
775 571 899 621 alios
923 579 978 619 ut
1001 580 1063 631 te,
1091 571 1358 630 malesane,
1383 571 1576 632 juvaret

243 653 521 714 Consuluit,
549 653 687 702 dedit
712 662 761 702 et
784 661 946 702 vestes
972 651 1075 711 tibi,
1102 651 1296 715 gaudia,
1323 650 1544 700 victum?

245 736 339 784 Nae
364 734 453 784 tibi
478 734 564 798 qui
585 733 818 798 gracilem
843 734 1031 797 praebet
1056 748 1254 781 coenare
1280 733 1538 795 capellam,

244 816 472 880 Explicat
495 815 611 864 huic
634 815 768 865 idem
791 814 1017 865 florentia
1040 814 1260 878 gramine
1284 823 1426 877 prata
1449 834 1458 862 :

242 897 587 947 Altivolansne
610 896 701 946 tibi
724 913 923 945 carmen
947 896 1229 945 modulatur
1252 896 1430 943 alauda
1447 897 1470 944 ?

244 979 439 1029 Laetitia
462 978 623 1027 fundit
646 995 878 1027 numeros
905 987 953 1026 et
979 976 1130 1040 surgit
1154 976 1205 1024 in
1230 978 1344 1025 alas.

243 1063 318 1110 Te
344 1069 545 1124 propter
567 1059 777 1123 fringilla
800 1067 968 1108 movet
993 1059 1056 1106 de
1079 1066 1276 1122 gutture
1301 1061 1516 1107 cantus?

246 1141 464 1192 Delicias
488 1140 722 1204 proprias,
748 1139 973 1204 proprios
999 1148 1047 1188 et
1072 1148 1239 1187 cantat
1263 1155 1455 1187 amores
1479 1159 1487 1187 :

244 1226 361 1286 Quo
385 1222 591 1282 veheris,
619 1221 818 1285 sonipes
843 1230 983 1270 tanto
1010 1221 1274 1284 splendore
1300 1222 1552 1283 superbus,

246 1308 431 1355 Nonne
455 1303 722 1367 voluptatis
747 1312 938 1367 partem
963 1303 1056 1352 sibi
1082 1302 1229 1351 sumit
1254 1302 1458 1352 herilis?

242 1391 324 1437 An
349 1387 438 1436 tibi
463 1403 574 1450 quae
599 1402 778 1449 campo
803 1394 1095 1449 sparguntur
1119 1384 1310 1434 semina
1335 1384 1465 1433 soli?

247 1469 522 1533 Pennigera
545 1477 596 1516 at
620 1467 799 1531 segetis
823 1476 1034 1530 poscent
1057 1483 1177 1515 mox
1201 1467 1384 1515 saecula
1407 1475 1607 1530 partem.

246 1555 398 1602 Dona
421 1549 511 1600 tibi
535 1549 627 1598 soli
650 1549 812 1597 rident
838 1548 1062 1598 Cerealia
1086 1548 1287 1611 campi?

243 1633 392 1684 Cedit
415 1641 466 1681 at
489 1630 694 1681 emerito
718 1646 906 1679 merces
935 1647 1047 1693 pars
1072 1646 1216 1692 aequa
1236 1631 1465 1692 juvenco.

246 1717 410 1765 Infera
433 1714 518 1778 qui
541 1713 716 1776 capitis
740 1721 862 1761 nutu
887 1711 1012 1776 regis
1038 1711 1219 1771 omnia,
1247 1728 1400 1774 porco

245 1800 361 1862 Ipse
386 1796 609 1861 saginato
633 1795 808 1844 fluvios
833 1804 882 1844 et
907 1797 1031 1843 farra
1053 1793 1314 1854 ministras,

245 1880 345 1943 Qui
369 1895 545 1929 vocem
568 1877 847 1941 pariterque
867 1878 1041 1940 jugum
1067 1875 1343 1925 contemnit
1367 1876 1524 1925 aratri.

312 2046 439 2106 Quae
462 2041 653 2107 peperit
677 2050 851 2090 natura
875 2040 978 2103 pari
1003 2041 1137 2088 fovet
1163 2038 1331 2088 omnia
1355 2055 1471 2088 cura
1492 2058 1506 2100 3

246 2125 346 2188 Qui
370 2141 535 2189 regem
558 2123 705 2173 vestit
728 2123 886 2182 villus,
912 2121 1106 2171 vestivit
1132 2130 1181 2170 et
1205 2138 1384 2170 ursum.

249 2210 383 2256 Dum
398 2208 614 2256 clamant
630 2204 872 2264 homines,
894 2203 1094 2252 “Nobis
1114 2220 1230 2252 ecce
1250 2202 1418 2252 omnia
1437 2203 1614 2252 dantur
1633 2205 1669 2250 Ῐ”

250 2294 279 2315 “
301 2291 379 2338 En
402 2287 523 2337 mihi
546 2289 667 2337 dant
691 2286 917 2336 homines
942 2302 1118 2348 operas
1138 2286 1182 2333 !'’
1218 2284 1285 2333 ait
1309 2284 1454 2333 altilis
1478 2301 1631 2333 anser.

251 2372 360 2418 Nec
383 2369 546 2417 minus
569 2386 599 2417 a
622 2385 737 2417 vera
760 2384 920 2417 rerum
946 2366 1136 2415 ratione
1162 2366 1362 2426 recedit,

250 2451 434 2502 Omnia
457 2450 541 2513 qui
564 2449 668 2499 fieri
691 2458 832 2513 putat
856 2448 956 2508 uni,
983 2449 1117 2496 haud
1142 2447 1372 2516 omnibus
1396 2464 1560 2495 unum.

318 2613 469 2677 Finge
495 2613 623 2661 adeo
647 2611 865 2662 infirmos
891 2627 1084 2675 semper
1108 2611 1340 2660 cohibere
1365 2619 1594 2672 potentes
1617 2627 1629 2669 3

251 2699 350 2745 Fac
375 2696 552 2744 callere
576 2693 803 2743 homines
826 2693 1071 2743 moderari
1097 2700 1275 2741 cuncta
1301 2701 1534 2754 tyrannos
1554 2710 1563 2739 :
