2028 3230
694 217 854 251 LATIN
893 216 1157 254 ELEGIACS.
1551 222 1568 252 1
1577 220 1642 269 49

213 337 458 387 Plurimus
475 337 594 387 inde
609 337 778 387 aderat
796 339 1055 386 Proteus—
1072 339 1189 387 hinc
1203 339 1414 402 plurima
1431 340 1642 390 Circe——

280 419 524 484 Semideae
550 419 777 483 Dryades
793 418 1181 483 monticolaeque
1206 420 1344 469 chori
1364 439 1377 481 3

213 501 521 550 Venatorum
545 501 751 549 aderant
775 517 975 549 necnon
1001 500 1262 550 simulacra
1285 501 1518 562 virorum,

281 583 509 645 Quaeque
532 581 680 631 maris
705 581 844 631 Siren
870 583 1086 632 carmine
1112 585 1296 633 mulcet
1319 600 1487 646 aquas.

215 749 326 796 Nec
349 763 651 797 mora—nos
676 747 800 796 mira
823 749 1048 797 laverunt
1072 765 1281 812 corpora
1305 750 1520 812 lympha,

283 829 449 890 Quam
473 829 670 893 magico
695 846 884 892 caespes
908 847 1016 879 rore
1041 830 1271 894 palustris
1296 830 1382 879 alit
1403 850 1411 878 :

215 909 428 959 Fulserit
451 919 506 959 ut
529 910 691 971 nobis,
718 911 916 960 mortali
941 912 1118 961 clarior
1142 928 1242 973 ore,

287 991 492 1041 AEmula
515 992 750 1042 silvicolae
774 995 934 1043 forma
957 1003 1168 1043 venusta
1190 1009 1326 1044 rosae.

218 1162 247 1184 “
266 1158 489 1222 Inproba
511 1155 1005 1206 mentiris'’-—subita
1027 1156 1102 1206 vir
1124 1173 1251 1206 voce
1275 1158 1592 1209 reclamat—.

287 1243 318 1266 “
333 1239 570 1303 Inproba,
596 1238 866 1287 mendaces
890 1237 1056 1287 reddis
1081 1240 1145 1287 ab
1172 1255 1257 1288 ore
1283 1255 1436 1287 sonos
1457 1256 1470 1299 3

217 1320 420 1384 Quippe
443 1336 567 1368 anus
591 1318 643 1367 in
668 1328 776 1368 tota
798 1321 878 1369 vel
904 1320 1266 1369 deformissima
1292 1320 1412 1380 Fifa,

218 1391 220 1393 .
286 1402 480 1451 Formae
506 1410 580 1450 est
604 1399 866 1450 inlecebris
891 1402 1212 1450 anteferenda
1235 1402 1378 1450 tuae.'’

218 1565 348 1614 Inde
371 1580 661 1628 repercusso
686 1565 989 1613 resonabant
1013 1564 1231 1614 carmine
1257 1564 1408 1625 silvae,

286 1647 478 1696 Cantus
501 1645 722 1709 aequorei
747 1645 818 1695 sic
842 1655 1067 1696 tumuere
1092 1646 1229 1695 chori
1245 1666 1260 1708 3

218 1729 282 1776 In
307 1728 516 1792 scopulo
541 1727 779 1776 citharam
804 1729 1115 1791 suspendunt
1139 1745 1341 1791 quoque
1367 1738 1645 1787 sonantem,

285 1810 450 1858 Arbor
472 1809 625 1858 habet
649 1810 909 1859 tremulam
933 1811 1141 1859 frondea
1166 1826 1375 1873 quaeque
1403 1812 1564 1874 lyram.

220 1974 397 2035 Usque
420 1988 710 2035 repercusso
733 1974 1036 2022 resonabant
1059 1972 1275 2021 carmine
1301 1972 1450 2033 silvae,

289 2053 478 2103 Pocula
502 2054 622 2102 dum
645 2053 862 2103 bibimus
887 2064 1124 2118 tantaque
1149 2063 1325 2117 totque
1350 2055 1469 2103 meri
1493 2073 1506 2115 3

221 2136 295 2184 Ut
318 2143 489 2184 tenero
514 2135 718 2184 tandem
743 2136 906 2186 somni
931 2138 1166 2200 languore
1192 2136 1365 2185 solutis

290 2217 469 2266 Pectus
493 2225 771 2266 amatorum
795 2218 941 2267 dulce
967 2219 1130 2268 cubile
1156 2220 1305 2269 daret.

223 2382 251 2404 “
268 2381 336 2428 At
360 2387 424 2439 te,
450 2378 677 2429 femineae
701 2380 876 2430 mulier
899 2381 1171 2431 foedissima
1193 2383 1367 2447 gentis,

291 2458 471 2508 Mortis
495 2469 544 2509 te
568 2461 744 2510 merita
766 2462 983 2525 pessima
1007 2465 1106 2511 fata
1125 2465 1282 2513 ferant
1307 2485 1316 2514 z

221 2543 316 2602 Tu,
344 2557 455 2604 quae
479 2542 601 2591 falsa
624 2545 788 2592 Deum
815 2545 1040 2608 sprevisti
1065 2555 1232 2595 mente
1257 2548 1485 2606 nefanda,

293 2623 416 2671 Esse
440 2622 561 2670 mihi
586 2625 723 2674 nullo
747 2634 972 2689 tempore
996 2627 1096 2675 fida
1120 2629 1308 2690 potes.''

1164 2747 1205 2808 J.
1236 2747 1280 2794 S.
1310 2748 1399 2805 W.‚
1441 2749 1571 2811 1853.

888 2839 916 2871 L
956 2841 981 2871 2
