2028 3230
858 248 952 298 347

524 765 848 827 GREEK
908 763 1305 824 IAMBICS.

343 962 530 1014 “Longa
550 960 778 1001 Tithonum
798 959 944 998 minuit
966 957 1469 998 senectus.”—H0RACI‹3.

202 1126 456 1178 OIMOI·
498 1123 672 1196 φθίνει
698 1125 766 1176 τὰ
790 1121 977 1195 φύλλα
1003 1121 1092 1175 καὶ
1117 1120 1291 1174 πίτνει
1318 1119 1511 1187 σαθρὰ,

202 1200 362 1274 ἀτμοὶ
387 1207 443 1262 δὲ
468 1207 786 1278 δακρύουσιν
811 1208 862 1264 ἐς
886 1205 1047 1259 πέδον
1071 1205 1257 1274 βάρος·

202 1292 480 1364 ἄνθρωπος
506 1290 678 1345 ἐλθὼν
701 1295 802 1358 ’γῆν
826 1291 959 1362 ἀροῖ,
989 1287 1158 1342 κεῖταί
1182 1287 1226 1341 τ’
1255 1289 1358 1358 ἄρα
1391 1307 1393 1309 ’

205 1375 397 1445 νέρθεν·
427 1375 562 1445 θέρη
587 1374 643 1427 δὲ
668 1371 831 1428 πόλλ’
860 1374 999 1444 ἔχων
1026 1371 1241 1439 θνήσκει
1267 1371 1468 1426 κύκνος.

204 1457 366 1527 μόνον
391 1457 434 1511 δ’
462 1455 641 1528 ἔτριψ’
669 1454 749 1522 ἔμ’
776 1455 1054 1527 ἀμβρότου
1077 1456 1236 1520 λώβη
1263 1455 1402 1516 βίου·

206 1544 262 1596 ἐν
285 1545 438 1596 ταῖσι
461 1540 566 1610 ’γὰρ
592 1544 715 1598 σαῖς
740 1537 1002 1607 ἀγκάλαις
1028 1537 1327 1601 αὐαίνομαι,

207 1625 294 1680 ὧδ’
320 1626 528 1699 ἥσυχον
553 1623 687 1697 πρὸς
712 1622 879 1694 τέρμα
903 1625 1000 1690 «γῆς
1026 1620 1310 1687 ἀλώμενος,

206 1708 396 1764 λευκὸν
422 1710 578 1766 σκιᾶς
604 1706 820 1760 εἴδωλον
845 1704 930 1766 ὣς,
957 1703 1090 1775 πρὸς
1116 1704 1359 1757 ἀντολῶν

208 1793 389 1865 χώρας
413 1790 667 1864 ἀφώνους,
697 1789 1016 1861 φωσφόρους
1044 1786 1089 1839 θ’
1104 1786 1223 1840 (Ἐω
1249 1785 1458 1851 δόμους,

210 1875 444 1934 κόλπους
471 1873 518 1928 θ’
546 1872 789 1945 ὁμιχλῶν
813 1870 1038 1937 τηλόθεν
1063 1870 1458 1938 πεπλεγμένων.

209 1963 310 2032 φεῦ
333 1957 496 2026 τῆσδε
519 1960 719 2022 λευκῆς,
735 1959 826 2009 νῦν
852 1957 1020 2012 σκιᾶς·
1061 1954 1120 2007 τὸ
1141 1952 1270 2021 πρὶν
1293 1951 1398 2023 «γὰρ
1425 1951 1490 2017 ἦν

210 2042 408 2112 κάλλειξ
427 2039 732 2112 τεφαιδρὸς
749 2038 852 2106 σοί
872 2035 918 2091 τ’
946 2038 1077 2107 ἀνὴρ
1104 2034 1381 2106 ἐξαίρετος,

212 2125 573 2196 ὑψηγόροισιν
596 2120 806 2181 ὡς’θεὸς
833 2122 1061 2189 κομπῶν
1078 2118 1300 2189 φρεσίν.”

212 2207 317 2276 ἐνγὼ
342 2217 371 2237 “
393 2206 478 2264 δὸς
504 2205 641 2261 εἷναί
654 2203 712 2275 μ’
740 2204 1015 2273 ἄμβροτον
1031 2205 1067 2227 ”
1094 2201 1143 2253 σ’
1172 2201 1345 2271 ᾔτουν·
1387 2200 1457 2253 σὺ
1482 2200 1538 2253 δὲ

213 2288 379 2358 δῶρον
397 2290 624 2358 ’Ύελῶσά
648 2310 739 2355 μοι
765 2288 1080 2352 κατήνυσας,
1110 2285 1259 2347 δίκην

214 2375 321 2426 τῶν
344 2373 638 2436 πλουσίων,
667 2371 743 2427 οἷς
770 2370 841 2424 ὧν
868 2369 1103 2424 διδοῦσιν
1137 2369 1198 2420 οὐ
1222 2369 1389 2431 μέλει.

207 2456 379 2528 Ὠραι
405 2454 461 2509 δὲ
487 2454 654 2508 δεινὸν
679 2453 1095 2521 ἐξεπίμπλασαν
1120 2451 1288 2521 κόρον,

219 2539 368 2611 θυμῷ
394 2538 657 2603 κραταιαὶ,
679 2537 774 2590 «καὶ
800 2534 1289 2604 κατεσποδισμένον

219 2619 554 2692 κατέφθισάν
578 2640 643 2683 με
667 2618 757 2672 καὶ
780 2619 1127 2683 λελώβηνται
1155 2620 1344 2672 κακῶς·

222 2703 308 2758 καὶ
334 2703 406 2767 μὴ
433 2701 722 2755 σθένουσαί
744 2699 796 2769 μ’
825 2702 1022 2768 ἐξελεῖν
1049 2700 1281 2770 ἀφίεσαν

220 2785 402 2859 χωλὸν
427 2787 688 2839 κατοικεῖν
713 2783 988 2854 ἄμβροτον
1013 2782 1146 2855 πρὸς
1171 2779 1448 2850 ἀμβρότου
