2028 3230
619 208 778 244 LATIN
816 210 1184 248 HEXAMETERS.
1563 216 1615 262 13

191 328 444 380 Continua
465 328 591 391 vice,
616 330 870 381 mortifero
894 331 1148 382 minitatus
1173 333 1323 395 hiatu,

187 411 372 460 Vastus
395 409 580 474 ubique
600 412 748 474 jacet,
775 428 876 475 prae
902 429 1002 476 quo
1028 416 1119 463 sub
1144 425 1346 478 pectore
1371 418 1550 465 Letum

189 493 355 542 Instar
377 492 568 542 habens
593 492 702 542 caeli
726 493 893 557 potius
918 494 1077 544 ridere
1101 495 1307 545 videtur.

188 572 423 637 Denique
446 573 681 638 paeniteat
706 575 866 639 culpae
890 595 899 625 :
938 592 1053 640 spes
1077 577 1252 626 ultima
1275 579 1479 627 tandem

188 653 408 718 Effugit?
441 654 600 704 veniae
625 656 762 704 nulla
786 665 860 705 est
886 658 1055 706 oblata
1078 658 1284 707 facultas
1299 662 1322 708 Ρ

187 735 342 784 Nulla
362 734 458 785 nisi
479 735 697 800 imperiis
721 736 898 787 iterum
923 755 1094 802 parere
1118 750 1290 803 parato
1312 758 1326 801 3

187 817 374 881 Turget
395 818 461 867 ad
483 819 594 867 haec
617 818 824 880 animuS,
852 836 947 869 nec
971 837 1074 870 non
1098 821 1295 871 fastidia
1318 824 1488 872 subter

185 899 228 947 F
230 898 443 948 ormidat
465 899 718 961 comitum,
748 917 874 964 quos
900 918 1051 965 quam
1074 919 1246 966 parere
1271 906 1482 968 superbe

188 980 362 1044 Longe
384 980 481 1030 alia
502 980 752 1030 incassum
777 982 940 1044 docui,
969 993 1017 1032 et
1041 1001 1167 1034 voce
1192 985 1337 1034 inrita
1355 987 1550 1049 jactans

187 1062 602 1126 Omnipotentem
625 1063 794 1113 animo
820 1064 1011 1128 speravi
1035 1065 1234 1116 vincere
1258 1083 1418 1131 posse.

188 1145 309 1193 Heu
331 1143 549 1206 minime,
574 1162 743 1209 regem
767 1147 888 1195 dum
911 1163 992 1196 me
1016 1157 1313 1198 venerantur
1335 1148 1387 1197 in
1414 1149 1564 1210 Orco,

187 1226 353 1287 Quam
398 1225 599 1291 gravide
645 1228 794 1289 hune,
836 1237 1017 1290 rentur,
1067 1229 1230 1293 patior
1274 1232 1367 1281 sub
1414 1239 1618 1294 pectore

321 1308 514 1370 fastum,

187 1389 354 1450 Quam
378 1391 470 1440 sub
494 1390 647 1439 corde
671 1391 819 1440 dolor
839 1407 993 1455 poena
1015 1392 1195 1456 premit
1218 1392 1350 1442 intus
1373 1394 1554 1442 acerba
1574 1398 1582 1442 Ξ

187 1470 306 1532 Quo
327 1470 484 1535 magis
508 1470 713 1535 insignis
738 1481 934 1536 sceptro
961 1483 1010 1522 et
1034 1473 1317 1523 diademate
1339 1491 1507 1539 regno,

185 1551 268 1600 Sic
290 1551 446 1616 magis
469 1554 696 1616 abjectus
719 1553 904 1615 videor,
933 1571 1238 1619 maeroreque
1263 1557 1425 1605 solum

185 1633 416 1683 Summus
441 1634 760 1698 ego—menti
785 1645 898 1684 sunt
920 1636 1101 1700 gaudia
1124 1646 1262 1686 tanta
1285 1640 1520 1701 superbae.

186 1715 323 1777 Quid
348 1715 388 1765 si
410 1716 647 1780 paeniteat
662 1719 685 1766 ?
720 1716 761 1766 si
785 1734 919 1766 nunc
942 1735 1174 1767 revocare
1198 1720 1464 1782 precando,

186 1797 340 1859 Quod
364 1797 498 1862 prius
520 1797 708 1862 accepi,
735 1798 882 1848 liceat
905 1802 914 1848 ἔ
949 1816 1054 1848 non
1078 1800 1212 1848 celsa
1233 1799 1414 1850 redibit

187 1880 338 1928 Mens
361 1878 542 1943 pariter
564 1880 710 1929 celsis
734 1897 846 1941 una,
874 1897 978 1930 non
1002 1882 1192 1930 foedera
1214 1883 1404 1946 franget

188 1961 316 2021 Quae
341 1961 464 2009 falsa
488 1970 562 2010 est
586 1970 767 2011 testata
790 1963 952 2033 fides?
983 1964 1148 2025 jurata
1172 1963 1345 2012 dolore

183 2042 319 2090 Vota
343 2041 482 2105 quies
506 2042 703 2106 penitus
726 2060 885 2092 vacua
909 2052 958 2093 et
980 2043 1200 2093 violenta
1221 2046 1434 2094 resolvet
1455 2063 1468 2106 3

187 2120 410 2187 (Quippe
435 2122 619 2172 etenim
641 2141 898 2188 nunquam
922 2123 1076 2174 vincit
1100 2125 1368 2175 concordia
1389 2136 1583 2176 mentes

185 2203 342 2266 Queis
366 2204 515 2255 subiit
538 2206 686 2255 letale
710 2206 882 2255 odium
906 2215 1008 2255 tam
1032 2208 1235 2256 vulnere
1259 2223 1393 2257 saevo
1413 2214 1448 2266 :)

185 2286 339 2348 Quod
362 2285 518 2351 magis
541 2286 593 2335 in
616 2296 747 2337 retro
771 2289 968 2351 lapsum
991 2289 1144 2349 daret,
1172 2287 1325 2353 inque
1348 2289 1540 2338 ruinam

182 2368 411 2418 Verteret
433 2368 688 2433 ingentem
711 2369 868 2433 magis
888 2388 903 2432 3
938 2370 1304 2434 incolumisque
1329 2388 1596 2435 parumper

181 2448 264 2499 Sic
287 2459 482 2514 paterer
503 2452 666 2500 solum
689 2451 870 2515 triplici
894 2468 1009 2500 cum
1033 2453 1203 2501 fenore
1227 2453 1399 2502 luctus.

183 2531 296 2581 Nec
319 2532 440 2581 latet
462 2533 675 2581 ultorem
698 2533 811 2594 hoc,
838 2532 954 2582 ideo
979 2550 1083 2582 non
1108 2533 1246 2583 ocior
1268 2533 1351 2583 ille

183 2612 426 2673 Tendere,
453 2629 605 2677 quam
627 2613 756 2663 votis
782 2613 1015 2677 equidem
1039 2613 1330 2678 conquirere
1355 2631 1542 2678 pacem.

181 2693 382 2756 Speque
405 2693 475 2744 ita
498 2695 709 2758 dejecta,
735 2694 983 2759 nobisque
1010 2712 1037 2745 e
1061 2694 1216 2745 limite
1242 2695 1350 2745 caeli
