2028 3230
0 1066 2 1080 “
0 1027 13 1044 *h
0 993 3 1006 v
0 909 6 982 ⁷'⁷'‘*
0 789 15 897 V‘W?
0 774 3 777 ⁷
0 704 9 760 ⁸⁴³⁸*
0 547 18 697 (ἵᾺᾝῑ-ἴ-»ἕ
3 516 14 527 a«,
15 467 17 469 .

659 232 818 268 LATIN
858 232 1226 267 HEXAMETERS.
1594 220 1624 264 6
1637 234 1653 264 1

298 353 496 403 Mirifici
521 369 690 402 cursus
713 357 723 403 Ξ
761 370 872 418 quae
895 353 985 414 vis,
1012 352 1230 402 sollertia
1254 360 1439 415 quanta

228 433 415 484 Divina
436 443 640 499 apparet
663 436 674 483 1
710 433 920 498 simplex
943 433 1216 498 prolabitur
1239 434 1376 492 ord0‚

229 514 490 565 Miscentis
515 516 605 565 sed
630 515 764 564 enim
787 524 928 564 tanta
950 514 1253 579 gratissimus
1277 523 1449 563 arte-—

229 595 391 661 Copia
412 606 552 646 tanta
575 597 733 657 simul,
762 596 955 660 species
980 605 1029 646 et
1052 605 1193 645 tanta
1216 594 1410 644 decoris

225 677 462 728 Sensibus
486 678 664 727 inludit
686 678 806 727 varii
831 677 1125 727 discriminis
1149 679 1391 726 umbra—-

226 760 422 810 Cuncta
444 761 573 810 adeo
597 769 781 810 coeunt
804 759 855 808 in
881 761 1095 809 eandem
1118 775 1343 808 consona
1366 759 1588 815 formam,

225 841 300 890 Ut
323 841 523 905 capiant
545 841 736 891 vicibus
762 858 869 890 sese
895 840 1193 905 excipientia
1215 848 1448 889 mentem.

225 923 344 972 Non
391 932 441 973 te
480 941 602 988 gens
643 923 903 973 hominum
945 923 1113 983 cernit,
1160 923 1446 972 dextramve
1485 929 1657 984 poten-

356 1013 459 1054 tem

223 1084 385 1135 Orbes
410 1102 521 1150 quae
544 1086 677 1135 volvi
701 1087 850 1136 docet
874 1085 1126 1135 indefessa
1150 1084 1367 1144 silentes,

223 1165 383 1216 Caecis
407 1169 500 1217 sub
525 1169 773 1230 specubus
797 1167 996 1231 penitus
1019 1166 1230 1227 molitur,
1260 1175 1309 1215 et
1332 1165 1450 1214 inde

221 1248 479 1312 Magnifici
502 1250 655 1298 decus
681 1249 889 1298 effundit
914 1248 1144 1313 spirabile
1168 1247 1295 1297 veris
1315 1266 1328 1309 3

220 1328 348 1390 Quae
371 1339 506 1379 recta
529 1330 593 1379 de
618 1332 724 1380 sole
749 1330 882 1380 diem
902 1330 1025 1394 jacit
1049 1330 1162 1394 igne
1186 1331 1447 1379 rubentem
1469 1346 1482 1389 3

220 1411 411 1460 Pabula
433 1411 519 1461 dat
542 1412 746 1473 eunctis,
774 1412 1001 1476 rapidam
1025 1421 1322 1475 torquetque
1353 1411 1621 1474 procellam

219 1492 456 1556 Dumque
480 1492 696 1558 benigna
718 1493 852 1543 vices
876 1503 1036 1558 gratas
1062 1503 1190 1543 terra
1214 1492 1396 1556 excipit
1420 1491 1537 1541 anni

219 1573 405 1624 Nescio
430 1591 529 1638 qua
551 1574 666 1625 vitae
690 1576 853 1625 fontes
877 1575 1143 1626 dulcedine
1167 1575 1333 1639 tangit.

283 1791 364 1849 At,
394 1782 596 1850 Natura,
623 1791 733 1840 fave
758 1796 766 1839 !
805 1790 949 1839 simul
975 1807 1149 1840 omnes
1171 1788 1363 1853 jungite
1387 1805 1536 1838 voces

214 1871 334 1931 Vos,
362 1869 469 1920 caeli
494 1871 672 1935 quibus
698 1881 771 1921 est
796 1871 1018 1936 ingentia
1042 1873 1229 1935 templa
1251 1870 1390 1931 tueri,

215 1953 429 2003 Fundite
452 1963 570 2003 vota
592 1957 725 2018 una!
763 1954 908 2004 simul
934 1971 1033 2003 uno
1059 1953 1275 2003 carmine
1298 1954 1473 2002 laudes

215 2035 575 2085 Concelebrate
600 2053 774 2086 omnes
794 2055 808 2097 3
842 2053 974 2086 aurae
1001 2036 1181 2100 spirate
1206 2052 1416 2096 canorae,

214 2117 309 2177 Illi,
337 2117 420 2182 qui
446 2117 595 2181 spirat
618 2127 808 2167 vestros
834 2117 983 2167 etiam
1008 2117 1136 2167 inter
1159 2118 1339 2189 odores
1362 2135 1374 2177 3

212 2200 332 2248 Non
355 2199 505 2248 alium
530 2199 729 2263 eloquio
753 2199 922 2249 vacuis
948 2201 1149 2249 laudate
1175 2185 1266 2249 sub
1291 2200 1491 2260 umbris,

212 2279 365 2330 Pinus
388 2280 474 2331 ubi
498 2281 550 2330 in
575 2283 782 2346 scopulo
806 2299 970 2331 ramos
994 2281 1076 2330 vix
1099 2281 1274 2331 flexilis
1298 2283 1424 2331 altos

212 2362 492 2426 Relligione
516 2379 654 2412 sacra
679 2380 895 2413 scaenam
920 2363 1144 2427 caliginis
1168 2363 1335 2427 inplet.

210 2444 317 2492 Vos
342 2442 503 2505 etiam,
532 2461 740 2509 quorum
764 2455 965 2495 resonat
989 2463 1087 2495 vox
1110 2445 1255 2495 altior
1277 2446 1386 2506 illis,

214 2523 315 2587 Qui
381 2534 559 2575 terram
635 2527 836 2592 quatitis
914 2529 1256 2592 stupefactam,
1328 2529 1393 2577 ad
1486 2526 1648 2576 sidera

346 2622 546 2657 carmen

211 2687 408 2749 Tollite,
436 2689 706 2739 clamantes
731 2699 894 2740 tantas
921 2691 1004 2755 qui
1029 2691 1238 2740 moverit
1262 2691 1366 2739 iras.

212 2769 360 2819 Edite
384 2786 474 2820 vos
498 2787 670 2821 amnes
696 2773 895 2822 laudern
918 2772 1108 2836 rivique
1131 2781 1399 2822 trementes
