2028 3230
873 232 936 283 59

391 829 683 891 LATIN
740 829 1428 890 HEXAMETERS.

191 1045 339 1104 ΗΕΒ,
366 1051 507 1107 pater
530 1041 865 1106 omnipotens,
893 1041 1028 1090 vario
1054 1041 1275 1090 labentia
1300 1058 1457 1101 cursu,

191 1127 320 1175 Haec
342 1114 557 1174 referunt
582 1124 778 1173 Divum.
853 1124 1134 1172 Volvuntur
1157 1132 1382 1186 tempora
1406 1131 1540 1171 certa

189 1206 408 1256 Numine
431 1207 581 1271 plena
603 1216 701 1255 tuo.
777 1207 916 1254 Tuus
940 1205 1162 1268 undique
1186 1221 1300 1253 vere
1327 1221 1503 1253 sereno

189 1289 469 1353 Ingreditur
491 1290 644 1339 decor
668 1298 716 1338 et
740 1287 955 1336 fautricis
980 1286 1134 1350 gratia
1158 1303 1298 1335 curae.

188 1373 313 1421 Late
337 1381 478 1435 prata
499 1373 692 1432 rubent,
719 1371 910 1420 redolet
934 1368 1174 1434 genialior
1198 1385 1314 1416 aura
1336 1386 1348 1428 ;

108 1504 112 1508 ,
188 1454 254 1503 Et
277 1452 460 1503 circum
483 1462 719 1503 resonant
741 1461 938 1502 montes
960 1470 974 1513 3
1009 1467 1213 1500 nemora
1238 1449 1407 1499 omnia
1430 1447 1619 1508 rident3

187 1535 382 1585 Gaudia
401 1537 604 1599 jamque
629 1551 802 1584 omnes
828 1550 998 1583 sensus
1024 1542 1073 1582 et
1097 1541 1300 1596 pectora
1323 1532 1590 1594 complent.

186 1617 447 1666 Mensibus
471 1616 652 1667 aestivis
676 1626 761 1665 tua
783 1615 938 1679 gloria
963 1615 1145 1664 deinde
1171 1615 1416 1676 refulgens

186 1698 397 1748 Lumine
433 1707 482 1748 et
516 1698 630 1762 igne
665 1697 802 1747 nitet.
878 1699 1007 1745 Tum
1047 1697 1120 1745 sol
1160 1711 1358 1759 quoque
1401 1693 1616 1743 fervidus

318 1790 442 1831 aestu

184 1864 487 1927 Turgentem
511 1863 729 1912 cumulat
753 1860 956 1910 maturis
979 1860 1163 1909 viribus
1188 1875 1386 1908 annum.

183 1946 327 2009 Saepe
349 1954 486 1994 tuam
509 1945 727 2008 produnt
751 1944 1022 1993 metuenda
1046 1942 1262 1991 tonitrua
1284 1957 1460 1990 vocem
1483 1958 1496 2001 3

185 2028 400 2076 Necnon
422 2042 584 2087 mane,
612 2026 693 2075 die
718 2026 898 2085 medio,
926 2026 1005 2074 vel
1032 2025 1135 2074 sole
1160 2025 1372 2072 cadente

183 2109 300 2170 Qua
322 2107 456 2157 fluvii
481 2107 716 2171 silvaeque
741 2116 935 2167 sonant,
964 2123 1086 2154 cava
1109 2121 1356 2153 murmura
1379 2103 1528 2153 venti.

185 2189 477 2240 Muneribus
501 2189 607 2239 sine
630 2191 730 2238 fine
753 2189 849 2238 tuis
873 2191 1184 2237 Auctumnus
1209 2187 1444 2246 abundat,

183 2270 504 2334 Instituitque
528 2271 682 2334 dapes
706 2269 897 2319 cunctis
921 2268 1255 2318 animantibus
1280 2269 1482 2331 amplas.

182 2353 348 2415 Quam
368 2354 549 2401 Bruma
570 2352 867 2401 metuendus
892 2351 1025 2411 ades,
1045 2367 1193 2414 quem
1218 2351 1373 2398 multa
1396 2351 1614 2413 procella

183 2434 414 2485 Nubibus
438 2434 669 2495 involvat,
697 2443 1116 2497 tempestatesque
1143 2449 1349 2492 sonorae,

183 2515 427 2581 Inplicitis
451 2516 673 2577 cumulis,
701 2518 1014 2566 tenebrarum
1038 2516 1237 2564 horrore
1263 2516 1475 2578 superbo
1499 2532 1509 2561 ε

183 2600 417 2648 Invectus
440 2597 613 2661 rapida
635 2615 724 2661 per
746 2599 922 2647 caelum
947 2596 1154 2646 turbinis
1179 2598 1258 2644 ala

180 2681 256 2729 Te
280 2678 500 2729 venerari
523 2678 751 2728 homines
776 2678 948 2742 adigis,
975 2677 1064 2727 tibi
1088 2678 1294 2726 reddere
1319 2685 1448 2735 vota,

181 2762 481 2812 Concretam
505 2769 555 2811 et
579 2759 765 2824 subigis
791 2759 983 2810 Boreali
1008 2759 1207 2809 flamine
1232 2768 1421 2808 terram.
