2028 3230
777 282 1068 319 coLUMBUS.
1534 282 1630 332 437

211 401 409 466 Accipit
433 403 484 452 in
505 403 760 468 gremium,
788 413 850 466 et,
877 406 1021 454 famae
1045 405 1151 468 jam
1176 404 1350 453 nuntia
1375 414 1571 464 nostrae,
1632 420 1635 421 ⁷

213 485 341 546 Fert,
378 484 578 535 inmane
613 488 838 536 fremens.
911 487 1010 536 Sed
1053 495 1103 536 et
1143 485 1260 535 hinc
1302 502 1382 535 me
1425 486 1629 534 numina

349 559 539 616 salvum

211 648 295 697 Ad
319 649 570 698 Lusitanae
594 658 832 698 vexerunt
856 648 1001 698 litora
1025 658 1180 710 terrae,

212 731 375 794 Inque
399 739 511 780 tuos
536 731 738 780 tandem
762 731 905 780 labor
915 732 958 791 ²¹¹³,
988 729 1199 790 Palosia‚
1225 739 1411 793 portuS‚

213 811 348 860 Dum
371 828 496 876 vaga
518 811 701 862 laetitiae
726 822 900 862 cantus
924 811 1060 861 vehit
1083 828 1213 871 aura,
1242 821 1486 874 sonatque

213 897 225 919 ‘
244 893 416 954 Salve‚'
442 910 531 958 per
552 895 770 958 pelagus,
797 894 885 958 per
908 893 1052 943 litora
1077 892 1280 943 conscia
1307 896 1318 918 ‘
1339 894 1483 941 Salve
1508 895 1537 941 1'

213 973 350 1037 Quin
374 975 505 1025 subit
529 976 611 1026 ille
636 975 757 1037 dies,
785 992 886 1039 quo
911 992 991 1024 me
1017 976 1116 1024 alta
1140 974 1323 1038 palatia
1348 984 1497 1022 cantu

213 1057 356 1106 Laeto
380 1066 694 1121 exceperunt,
722 1073 874 1120 quum
898 1056 1022 1106 vidit
1046 1055 1256 1120 plurima
1279 1057 1422 1104 turba

213 1137 377 1187 Prima
400 1155 557 1199 novae,
587 1137 871 1202 stupuitque
895 1138 1085 1198 videns,
1112 1137 1345 1186 miracula
1372 1147 1526 1196 terrae,

210 1221 462 1283 Armaque
486 1221 797 1284 cultoresque
822 1219 957 1284 ipsos
980 1221 1305 1282 volucresque
1331 1234 1577 1267 coruscos,

210 1302 355 1350 Tunc
379 1310 428 1351 et
451 1301 503 1350 in
526 1301 719 1366 ignotas
744 1300 925 1350 deduci
951 1300 1181 1364 Hispana
1201 1303 1433 1364 juventus

212 1384 258 1430 T
260 1383 435 1432 ellures
459 1383 630 1446 petiit:
666 1381 817 1431 mittit
841 1381 1077 1446 fulgentia
1103 1382 1270 1431 Gades

209 1463 454 1527 Agmina:
491 1463 724 1513 silvicolae
749 1463 909 1524 silvas,
938 1463 1140 1527 agrestis
1165 1472 1391 1522 aratrum,

211 1547 388 1594 Pastor
410 1561 529 1595 oves
554 1545 744 1609 linquit.
820 1547 860 1593 F
864 1546 1103 1594 ervebant
1127 1561 1330 1607 aequora
1354 1546 1526 1603 classe,

211 1626 393 1690 Bisque
411 1643 593 1677 novem
609 1626 808 1690 placido
825 1626 1140 1691 duplicantur
1156 1643 1400 1674 marmore
1420 1642 1627 1688 puppe5‚

211 1708 393 1772 Bisque
418 1725 599 1759 novem
624 1708 771 1772 pictae
797 1709 989 1757 sulcant
1013 1707 1166 1756 maria
1190 1709 1289 1756 alta
1313 1707 1576 1766 carinae,—

212 1789 347 1852 Quid
370 1806 537 1839 moror
559 1791 666 1838 haec
690 1791 1008 1839 memorans?
1078 1788 1214 1851 Quid
1247 1789 1381 1837 mille
1414 1788 1628 1851 pericula

345 1871 501 1935 ponti,

210 1952 345 2015 Quid
368 1953 575 2002 referam
598 1954 942 2002 Australemve
966 1951 1098 2002 viam
1123 1961 1337 2000 terrasve
1363 1953 1551 2000 ferosve

209 2037 473 2086 Cultores?
510 2036 630 2099 quid
655 2039 894 2099 captam†
918 2052 1096 2093 arcem,
1125 2043 1174 2083 et
1199 2034 1419 2098 dispersa
1444 2032 1581 2081 ruina

209 2117 415 2178 Moenia,
443 2127 492 2168 et
518 2134 702 2168 errores
728 2118 919 2180 longos,
946 2119 1242 2179 fratremque
1266 2118 1558 2178 receptum?

208 2199 409 2261 Quanta
433 2200 634 2264 aurique
660 2200 778 2260 sitis,
807 2201 1084 2263 caedesque,
1112 2200 1347 2262 feroxque
1371 2198 1541 2261 rapina
1564 2202 1571 2245 ἶ

207 2281 494 2330 Concentus
517 2282 683 2330 avium
709 2281 961 2345 excipiunt
986 2280 1221 2344 suspiria:
1260 2280 1407 2328 silvas

206 2362 428 2424 Corpora
450 2378 690 2412 caesorum
716 2364 969 2426 conplent,
997 2362 1333 2426 fulgentiaque
1358 2377 1453 2409 aere

205 2445 358 2491 Arma
380 2444 711 2506 repercutiunt
735 2445 904 2494 infecti
930 2444 1166 2508 sanguine
1191 2444 1293 2492 rivi.

207 2523 460 2587 Hispanas
484 2523 658 2573 iterum
683 2527 888 2575 revehor
910 2544 1020 2576 reus
1046 2543 1175 2590 aeger
1200 2526 1248 2573 in
1276 2541 1398 2573 oras.

257 2647 284 2674 ²*
314 2647 437 2687 Palos
470 2647 523 2687 de
554 2648 743 2700 Moguer,
782 2663 807 2688 a
844 2650 964 2689 small
1003 2657 1186 2703 sea-port
1225 2649 1272 2688 of
1306 2650 1447 2700 Spain,
1487 2647 1622 2686 which

203 2712 432 2752 Columbus
465 2713 590 2753 chose
627 2727 672 2753 as
709 2714 780 2754 the
818 2728 938 2756 scene
970 2716 1073 2758 both
1108 2716 1155 2755 of
1187 2716 1250 2754 his
1282 2715 1500 2766 departure
1538 2713 1619 2752 and

209 2784 360 2818 return.

261 2845 289 2887 ’1-
320 2843 528 2883 Navidad.

816 2913 843 2946 F
879 2900 902 2946 f
934 2916 960 2947 2
