2028 3230
715 248 895 283 GREEK
931 249 1156 284 IAMBICS.

218 364 346 422 ἀλλ’
372 367 424 426 ἐς
448 370 705 422 τοσοῦτον
730 365 910 439 σμίκρ’
936 367 1075 434 ὅμως
1102 367 1205 437 ἐγὼ
1230 373 1422 441 φρονῶ,

218 449 460 504 τοσαῦτά
483 449 529 504 τ’
557 450 663 518 εἰμὶ
689 451 779 505 καὶ
804 449 920 504 τόσ’
950 450 1307 521 ἐστερημένος,

218 531 348 586 ὥσθ’
374 533 536 601 ἡδέως
561 532 976 597 ἂν,-ἀσθενοῦς
1002 534 1125 591 νεὼς
1151 534 1313 602 δίκην,

218 616 315 670 οὐκ
338 615 644 671 ἀντιτείνειν
670 616 956 683 δυνάμενον
980 619 1176 688 πολλῷ
1202 619 1372 688 σάλῳ,
1386 651 1445 658 -

217 698 517 772 κρυφθέντα
544 698 703 769 δόξαν
727 700 1011 754 λανθάνειν
1033 723 1114 769 με,
1142 704 1354 767 μᾶλλον
1379 701 1412 769 ἢ

216 781 431 855 χρῄζειν
455 781 747 850 στέγεσθαι
772 785 847 854 τῷ
872 783 1031 847 κλέει,
1060 783 1208 854 μέσῳ
1235 785 1279 838 τ’
1307 786 1431 851 ἐμῆς

217 862 371 932 δόξης
396 864 452 918 ἐν
476 865 628 937 ἀτμῷ
654 865 1145 934 συγκαλύπτεσθαί
1164 890 1311 920 ποτε.

216 947 380 1020 χάριν
404 946 446 1001 δ’
474 948 683 1020 ὀφείλω
709 952 819 1006 τοῖς
846 949 997 1014 θεοῖς,
1027 949 1255 1003 ὁθούνεκ’
1283 951 1344 1003 οὐ

216 1029 375 1102 χρεία
399 1030 478 1089 τίς
503 1029 614 1084 ἐστ’
642 1033 770 1099 ἐμοῦ
795 1054 871 1100 γε·
914 1033 1018 1103 (κεί
1039 1034 1144 1106 γὰρ
1171 1034 1249 1101 ἣν,
1279 1033 1382 1101 ἐγὼ

217 1111 384 1168 πόλλ’
409 1113 582 1181 ἐνδεὴς
607 1114 679 1169 ὢν
701 1116 763 1169 οὐ
789 1114 960 1167 σθένω
985 1115 1397 1188 προσάρκεσαι.)

217 1195 428 1268 δένδρου
451 1196 556 1268 γὰρ
582 1198 706 1265 ἡμῖν
731 1197 935 1270 καρπὸς
962 1200 1020 1251 ἐκ
1045 1203 1356 1270 τυραννικοῦ

216 1279 520 1350 τυραννικὸς
544 1280 796 1354 πέφυκεν,
824 1281 996 1353 ὅσπερ
1023 1281 1095 1340 εἰς
1121 1282 1274 1339 τέλος

217 1361 413 1436 χρόνον
436 1362 618 1433 λάθρα
641 1363 922 1427 βαίνοντος
947 1365 1212 1434 ἀκμάζων,
1240 1364 1398 1437 ἕδραν

217 1445 418 1515 σεμνὴν
443 1445 608 1500 ἔοικεν
635 1446 692 1500 εὖ
717 1450 926 1517 κρατῶν
951 1449 1122 1516 νέμειν
1147 1452 1340 1509 καλῶς,

216 1529 355 1597 ἡμᾶς
380 1529 426 1584 τ’
453 1529 709 1583 ἀνάσσων
734 1530 955 1595 ὀλβίους
981 1531 1319 1586 καθιστάναι.

217 1612 388 1684 τούτῳ
412 1612 622 1683 μεθίημ’
649 1613 714 1681 ἣν
740 1614 858 1681 ἐμοί
878 1614 928 1682 γ’
956 1615 1274 1688 ἐγχειρίσειν

217 1694 457 1763 ἐμέλλετ’
484 1696 674 1768 ἀρχὴν,
703 1695 964 1764 δαιμόνων
990 1697 1309 1767 εὐδαιμόνων

219 1778 434 1851 θέορτον
459 1777 622 1832 αἶσαν
647 1779 738 1833 καὶ
762 1780 918 1853 μέρος
942 1781 1304 1850 πεπρωμένον,

216 1861 278 1930 ἧς
301 1861 377 1931 μὴ
403 1866 643 1935 στεροῖμι
669 1861 833 1929 τόνδε,
862 1863 995 1936 πρὸς
1023 1864 1170 1926 θεῶν,
1198 1865 1312 1938 βίᾳ.

290 2025 354 2079 Β.
394 2023 495 2078 Ἐκ
518 2025 682 2080 τῶνδε
707 2025 879 2093 δήπου
903 2030 1008 2082 τῶν
1031 2028 1209 2098 λόγων
1235 2028 1373 2103 ἔχων
1398 2035 1575 2089 καλῶς

217 2112 312 2176 τῆς
335 2106 384 2177 γ’
413 2109 698 2172 εὐλαβείας
724 2111 1047 2182 προύφάνης·
1087 2111 1123 2164 ἃ
1150 2111 1191 2164 δ’
1220 2115 1445 2180 εὐλαβεῖ

218 2188 397 2261 σμίκρ’
420 2191 542 2263 ἐστὶ
566 2191 746 2246 πάντα
770 2194 859 2247 καὶ
886 2193 1018 2263 πρὸς
1044 2194 1190 2249 οὐδὲν
1217 2196 1429 2269 ἔρχεται

218 2271 321 2327 κέν’
347 2273 491 2335 ὄντα,
519 2274 700 2330 πάντα
724 2274 772 2343 γ’
801 2276 858 2330 εὖ
884 2280 1373 2350 περισκοπουμένῳ.

310 2356 347 2389 -x-
563 2358 599 2392 ÷÷
816 2360 853 2392 ae
1071 2362 1107 2394 ἦε
1324 2364 1361 2396 ÷÷

217 2437 352 2510 πρὸς
376 2438 554 2493 τοῖσδε
577 2439 746 2510 πικρὰ
769 2443 985 2510 μᾶλλον
1011 2443 1254 2511 ἐγκαλεῖν
1280 2445 1404 2518 ἔχω,

217 2520 520 2588 αἰδούμενος
546 2522 602 2575 δὲ
627 2522 748 2580 τοὺς
774 2524 853 2578 ἔτι
882 2527 1073 2591 ζῶντας
1099 2526 1258 2590 τινὰς,

219 2604 275 2658 ἐν
298 2604 478 2658 τοῖσδε
503 2606 680 2677 φεύγω
707 2611 797 2661 νῦν
821 2607 881 2662 τὸ
907 2609 981 2675 μὴ
1005 2614 1375 2683 μακρηγορεῖν.

219 2686 334 2758 φέρ’
361 2687 466 2752 οὖν,
490 2688 691 2761 ἄριστε,
720 2691 1030 2764 προσδέχου
1055 2693 1245 2751 καύτὸς
1271 2693 1389 2747 τόδε

218 2770 434 2838 αἰτητὸν
459 2773 555 2826 οὐκ
578 2771 649 2839 ὃν,
677 2773 826 2826 ἀλλὰ
852 2773 1085 2844 δωρητὸν
1110 2775 1276 2832 κλέος.
