2028 3230
508 868 834 930 GREEK
890 867 1290 928 IAMBICS.

254 1081 423 1135 BOT.
454 1078 596 1134 Ἴσθ’
624 1080 715 1134 οὖν
738 1078 986 1148 μάλιστα
1015 1077 1157 1132 τοῦθ’
1184 1078 1504 1151 ἁμαρτάνων
1530 1079 1610 1131 ὅτι

181 1162 391 1233 ἔντιμον
416 1163 571 1234 ἕδραν
595 1162 685 1217 καὶ
711 1161 899 1236 θρόνου
925 1160 1090 1215 δεινὸν
1116 1162 1300 1228 σέβας,

182 1251 459 1320 σκῆπτρον
483 1246 653 1319 κράτη
679 1268 738 1300 τε
755 1249 861 1300 τῶν
885 1245 1076 1307 πάλαι,
1105 1245 1275 1318 τύχην
1300 1267 1358 1299 τε
1383 1244 1499 1311 σὴν,

179 1328 320 1399 «γένει
344 1351 403 1383 τε
427 1328 586 1398 τιμὴν
611 1328 708 1396 τὴν
732 1327 1132 1400 προσήκουσαν,
1161 1327 1323 1397 δόμου

181 1412 334 1470 κλέος
359 1412 596 1466 παλαιὸν
619 1411 887 1484 πατρόθεν
911 1414 1236 1481 τυραννικοῦ,

179 1495 340 1565 μύσει
363 1495 545 1564 μεθίης
571 1494 670 1549 ὦδε
694 1494 958 1559 κιβδήλου
975 1494 1171 1561 «γένους.

182 1583 284 1634 σοῦ
308 1577 351 1632 δ’
378 1579 470 1632 οὖν
494 1581 699 1651 φρενῶν
724 1577 961 1635 εὕδοντος
986 1577 1039 1629 ἐν
1064 1574 1316 1649 ῥᾳθυμίᾳ,

186 1661 272 1733 (ἣν
295 1660 550 1733 πατρίδος
576 1665 666 1716 νῦν
693 1659 856 1714 οὕνεκ’
885 1659 1248 1732 ἐξεγειρομεν,)

180 1745 215 1812 ἡ
240 1744 399 1813 νῆσός
424 1744 574 1798 ἐστιν
597 1743 690 1811 ἥδε
713 1746 818 1798 τῶν
843 1744 1006 1810 αὑτῆς
1030 1742 1209 1811 μέλων

182 1827 238 1882 ἐν
263 1830 338 1900 τῷ
361 1827 590 1898 παρόντι
614 1828 891 1884 παντελῶς
917 1825 1252 1897 στερουμένη.

181 1910 271 1965 καὶ
297 1909 360 1978 δὴ
384 1908 681 1983 πρόσωπον
708 1909 944 1962 δυσκλεόι
967 1908 1253 1977 μιάσματα

182 1996 353 2051 κακῶς
379 1991 729 2066 καταισχύνει
754 2013 813 2045 τε
838 1991 927 2045 καὶ
953 1989 1259 2063 τυραννικὸς

182 2076 391 2150 στάχυς
417 2081 630 2130 κακοῖσι
655 2073 936 2144 συμμνγεὶς
961 2073 1226 2146 φιτύμασι

181 2162 354 2218 κακῶς
379 2159 636 2224 ἔβλαστε,
662 2159 763 2212 κάν
786 2157 975 2223 βυθοῖς
1000 2157 1298 2225 ἀμνήμονος

180 2243 351 2310 λήθης
377 2243 594 2296 σαλεύει
619 2245 728 2300 τοῖς
752 2240 1087 2307 ἀβύσσοισιν
1114 2237 1323 2312 σχεδόν.

181 2324 381 2398 χῶπως
405 2323 517 2379 τάδ’
544 2324 877 2397 ὀρθώσωμεν,
905 2322 1000 2376 οἵδ’
1030 2321 1253 2393 ἶκτήριοι

183 2409 249 2463 σὲ
271 2411 604 2479 λιπαροῦμεν
626 2408 723 2474 τὴν
749 2405 1063 2461 δυναστείαν
1086 2405 1279 2478 χθονὸς

182 2490 359 2564 ἀρχήν
383 2513 442 2545 τε
465 2490 660 2557 ταύτης
685 2491 909 2559 εὐμενῶς
935 2487 1158 2554 λαβόντ’
1185 2487 1343 2561 ἔχειν.

183 2575 287 2648 οὐχ
312 2574 381 2631 ὡς
405 2571 696 2644 ἐπίτροπόν
721 2571 820 2627 τιν’
846 2572 966 2626 οὔτε
992 2574 1322 2643 προστάτην,

184 2656 291 2712 οὔτ’
311 2654 505 2725 ἀντίγ’
533 2655 720 2720 ἄλλον,
749 2654 926 2726 κέρδος
953 2652 1061 2708 οὔθ’
1090 2653 1355 2727 ὑπηρέτην

185 2738 436 2794 ταπεινὸν
462 2737 646 2797 ἄλλως
672 2735 975 2793 ἐκπονοῦντ’
1002 2735 1307 2810 ἀλλότριον,

1322 2835 1348 2866 F
