2028 3230
433 229 663 274 NICOLAI,
703 228 985 263 RUSSORUM
1027 228 1193 272 REGIS,
1232 228 1429 262 OBITUS.
1549 228 1647 274 443

232 348 488 398 Poscimus
514 366 576 399 en
600 337 613 398 l
680 352 871 414 Regem
891 351 915 399 :’
952 350 1156 399 tandem
1195 349 1330 399 venit
1351 369 1360 398 :
1399 349 1516 398 inde
1554 364 1647 398 nec

364 447 499 479 arma

231 512 279 559 N
283 528 340 560 ec
363 511 436 560 vis
460 513 560 560 ulla
583 522 752 561 manet
772 532 782 562 ε
818 513 1218 562 cedunt—timor
1242 512 1423 575 excipit
1446 512 1580 571 iram,

231 594 294 641 Et
317 593 514 642 veniam
538 604 736 643 orantes
760 596 950 657 palmas
976 595 1040 642 ad
1067 594 1226 661 sidera
1251 596 1473 643 tendunt.

228 673 346 722 Vidi
371 679 568 738 egomet
591 675 758 724 valido
782 675 1057 723 vibrantem
1081 675 1257 724 hastile
1282 677 1466 724 lacerto

229 757 426 819 Terque
449 766 584 805 metu
609 756 814 805 cessisse
838 756 994 805 virum
1015 776 1024 805 ε
1062 766 1136 805 ter
1159 774 1342 805 numen
1370 758 1433 805 ab
1458 756 1576 820 ipsis

230 833 425 883 Effulsit
448 850 664 897 praesens
690 834 859 894 oculis,
887 836 1156 898 aderatque
1181 836 1378 898 periclo.

230 916 379 963 Nunc
432 914 589 978 periit,
639 917 925 978 pallentque
978 932 1134 979 genae,
1183 925 1332 978 atque
1383 915 1647 978 exsanguia

363 995 538 1059 frigent

230 1078 473 1138 Membra,
514 1088 563 1127 et
604 1077 656 1126 in
699 1088 936 1128 aeternum
969 1080 1264 1128 clauduntur
1298 1078 1484 1127 lumina
1523 1095 1647 1127 som-

362 1176 481 1208 num
505 1163 514 1208 l

229 1239 364 1302 Quid
382 1257 549 1289 moror
562 1241 671 1290 haec
691 1242 986 1291 celebrans?
1011 1259 1130 1290 num
1150 1259 1260 1305 quae
1281 1253 1448 1292 movet
1467 1243 1647 1306 impius

362 1337 510 1382 arma,

229 1404 464 1465 Bellaque
489 1405 683 1466 penjura
706 1420 795 1467 pro
821 1404 971 1467 stirpe
996 1405 1243 1454 inmiscuit
1267 1405 1423 1454 hostis

228 1486 351 1533 Sunt
391 1486 717 1534 memoranda
754 1485 911 1535 mihi?
981 1489 1025 1534 T
1029 1487 1170 1536 ulerit
1209 1487 1247 1535 si
1289 1487 1523 1551 inglorius
1566 1489 1647 1534 Al-

360 1582 507 1626 mam,

226 1649 268 1696 F
269 1664 366 1696 ana
392 1650 556 1696 Deum
581 1648 765 1697 dextris
790 1649 1097 1713 spoliataque
1123 1652 1307 1713 templa
1332 1650 1548 1714 profanis

230 1730 345 1777 Non
371 1728 556 1792 inpune
580 1729 702 1778 tulit.
777 1731 941 1779 Testis
965 1731 1085 1779 mihi
1110 1732 1347 1794 sanguine
1371 1734 1528 1780 multo

230 1810 418 1874 Pingue
441 1812 601 1860 solum
627 1811 803 1875 campi,
829 1813 1122 1876 funestaque
1147 1814 1285 1862 caede
1309 1813 1520 1862 virorum

227 1891 484 1941 Victorum
508 1894 649 1942 vallis
667 1895 711 1953 ²¹¹¹,
739 1903 852 1942 sunt
877 1895 1059 1943 stantia
1082 1895 1268 1943 moenia
1294 1904 1443 1944 testes
1468 1900 1477 1944 ἒ

226 1974 490 2023 Accedunt
514 1990 624 2037 quae
649 1991 776 2023 vana
801 1976 959 2024 serunt
980 1995 990 2025 ι
1029 1980 1040 2002 ‘
1060 1977 1181 2025 Ruit
1205 1978 1358 2026 altera
1380 1979 1483 2026 fato

227 2055 407 2117 Troja.’
477 2057 546 2104 At
572 2055 703 2104 enirn
729 2072 838 2104 sera
861 2057 1022 2116 cadat,
1050 2074 1153 2118 oro,
1180 2067 1348 2106 nostra
1371 2058 1526 2118 ruina,

227 2135 436 2196 Scilicet,
462 2137 528 2185 ad
552 2136 901 2200 decimumque
928 2139 1067 2186 Deus
1090 2139 1375 2201 produxerit
1399 2156 1600 2198 annum,

231 2217 495 2280 Romaque
519 2217 570 2266 in
594 2218 792 2267 ultrices
819 2235 870 2268 se
897 2219 1102 2268 erexerit
1125 2221 1279 2270 altera
1304 2231 1458 2270 turres
1479 2225 1488 2269 Ξ

228 2297 447 2360 Adspice
468 2302 482 2347 ¹.
512 2301 755 2362 pallentes
778 2300 951 2350 videor
974 2300 1093 2349 mihi
1119 2318 1318 2352 cernere
1345 2304 1525 2350 Manes

232 2377 382 2438 Illius,
409 2388 525 2428 ante
549 2382 723 2430 oculos
745 2382 922 2432 feretro
949 2399 1241 2447 consurgere
1266 2385 1331 2431 ab
1356 2383 1464 2446 ipso
1489 2402 1498 2430 :

231 2463 243 2484 ‘
262 2460 364 2508 Ite’
390 2459 458 2509 ait
485 2463 496 2484 ⁴
512 2461 683 2510 armati
709 2463 820 2512 telis
844 2463 1083 2513 occurrite
1108 2466 1172 2513 ad
1197 2466 1357 2513 undas

231 2542 522 2603 AEquoreas,
550 2542 804 2606 patriaque
829 2553 1057 2595 externos
1083 2545 1251 2608 pellite
1277 2554 1403 2593 terra
1420 2563 1434 2605 5

231 2621 404 2683 Quid?
439 2624 678 2672 referetne
703 2641 812 2673 aevo
835 2626 1004 2675 clades
1028 2625 1345 2675 celeberrima
1369 2635 1541 2674 nostro

393 2767 418 2793 ὓ
449 2767 697 2811 Balaklava:
728 2768 987 2821 Tennyson's
1012 2773 1040 2791 ‘⁸
1058 2771 1205 2822 Valley
1226 2770 1274 2809 os
1289 2769 1474 2810 Death,'’
