2028 3230
643 241 805 276 LATIN
843 241 1213 276 HEXAMETERS.
1583 228 1646 287 63

216 366 520 429 Inrepatque
543 379 682 412 meas
707 361 899 412 sonitus
923 361 1211 411 meditantis
1235 361 1287 409 in
1311 378 1462 411 aures,

217 445 502 510 Praecipites
526 446 628 494 alto
653 453 895 494 torrentes
920 443 1124 492 flumine
1148 442 1254 503 fusi,

216 529 354 578 Lene
378 527 576 577 fluentis
602 543 745 590 aquae
769 525 871 586 rivi,
901 525 985 589 qui
1010 525 1189 574 ducitis
1213 525 1402 573 undam

216 611 312 660 Per
333 608 516 658 nitidas
539 610 692 657 valles
718 607 960 657 erroribus
982 624 996 668 3
1031 623 1232 670 aequora
1255 605 1399 669 ponti

216 691 386 756 Regia,
413 708 504 740 vos
528 690 639 739 imis
666 692 757 739 sub
783 689 925 753 aquis
949 689 1186 737 miracula
1209 705 1383 748 rerum,

216 773 484 825 Concinite
508 773 638 822 illius
662 771 927 837 praeconia,
955 787 1080 820 voce
1107 770 1301 834 potenti

215 854 316 918 Qui
340 871 534 904 cessare
555 856 698 918 jubet
723 855 802 903 vel
827 869 1046 903 crescere
1071 869 1321 900 murmura
1345 860 1517 900 vestra.

214 937 415 987 Volvite
439 936 660 986 turiferas
685 937 832 985 flores
857 952 971 984 cum
995 921 1233 983 fructibus
1258 950 1399 982 auras

216 1019 496 1070 Conmixtis
520 1018 591 1067 illi
615 1018 826 1078 nebulis,
855 1017 939 1081 qui
965 1017 1152 1066 solibus
1177 1026 1336 1080 auget,

215 1101 315 1164 Qui
340 1101 529 1166 spirans
552 1102 776 1151 redolere
801 1100 930 1160 facit,
958 1101 1247 1163 praebetque
1272 1099 1477 1148 colores,

213 1185 320 1232 Vos
345 1192 535 1247 segetes
559 1183 762 1242 culmos,
791 1182 992 1230 frondes
1017 1198 1106 1230 vos
1131 1180 1316 1229 flectite
1342 1180 1477 1231 silvae
1493 1199 1508 1244 3

214 1263 441 1328 Accipiat
465 1273 639 1328 pectus
664 1262 896 1312 messoris
922 1262 1141 1311 carmina
1165 1271 1340 1322 vestra,

216 1348 352 1396 Dum
375 1345 523 1396 radiis
546 1347 678 1395 lunae
702 1344 881 1408 repetit
906 1361 995 1393 sua
1018 1353 1152 1393 tecta
1177 1346 1268 1394 sub
1293 1344 1447 1394 almis.

215 1428 341 1480 Caeli
363 1445 453 1478 vos
476 1428 662 1492 vigiles,
691 1428 895 1491 quando
921 1426 1085 1490 sopita
1110 1426 1277 1489 quiete

215 1512 368 1570 Terra
386 1512 532 1574 jacet,
562 1509 818 1574 liquidum,
845 1508 1117 1568 mitissima,
1144 1508 1338 1557 fundite
1362 1510 1545 1569 lumen,

215 1592 385 1642 Sidera
402 1611 417 1654 3
452 1593 571 1641 dum
595 1591 739 1641 vobis
763 1590 1027 1654 praesentia
1050 1589 1257 1639 numina
1279 1600 1429 1654 gratae

216 1673 326 1723 Fila
347 1675 477 1738 lyrae,
506 1674 684 1723 caelum
707 1689 796 1736 per
819 1672 1008 1735 pictum
1033 1681 1267 1735 argentea
1290 1673 1502 1735 pulsant.

215 1757 295 1805 Tu
320 1772 519 1819 quoque
546 1755 630 1819 qui
654 1754 814 1815 nobis,
842 1753 957 1802 clari
982 1755 1094 1802 fons
1119 1770 1299 1817 magne
1325 1754 1437 1815 diei,

217 1837 422 1901 Optima
443 1835 693 1901 magnifici
718 1852 925 1899 appares
950 1835 1164 1884 auctoris
1190 1835 1368 1900 imago,

217 1918 317 1980 Qui
340 1928 528 1982 gratam
553 1917 756 1968 aetherio
782 1917 1067 1966 diffundens
1092 1916 1295 1967 flumine
1320 1918 1473 1967 vitam

219 2001 513 2049 Innumeros
536 2000 753 2048 mundos
777 1997 912 2047 vitali
937 1998 1248 2061 amplecteris
1274 2009 1411 2060 aestu,

217 2082 383 2131 Omne
403 2083 551 2144 jubar
572 2081 829 2146 gravidum
855 2080 1061 2130 demitte
1085 2080 1214 2129 illius
1238 2081 1443 2131 honore.

219 2163 368 2210 Porta
391 2170 532 2210 tonat
557 2161 666 2211 caeli
685 2179 698 2223 3
732 2162 901 2224 jaceas
926 2160 1032 2209 sine
1058 2176 1304 2210 murmure
1328 2170 1470 2222 terra,

219 2244 398 2292 Mutua
422 2252 664 2292 sacratum
688 2242 997 2307 ingeminant
1022 2243 1141 2290 dum
1166 2242 1337 2292 nubila
1362 2260 1573 2294 carmen.

217 2325 323 2373 Vos
348 2325 500 2373 colles
523 2333 752 2373 resonate
776 2324 953 2373 iterum
978 2324 1226 2373 balatibus
1251 2325 1362 2374 altis
1383 2343 1397 2386 3

219 2406 474 2453 Murmura
496 2404 712 2454 muscosi
737 2405 927 2468 scopuli
951 2403 1160 2454 retinete
1186 2421 1377 2454 sonora„

216 2487 324 2535 Vos
350 2503 549 2550 quoque
572 2486 786 2550 mugitus
810 2488 1075 2535 reboantes
1101 2486 1259 2536 tollite
1283 2488 1435 2536 valles
1454 2505 1467 2548 3

220 2569 436 2631 Magnus
462 2567 594 2616 enirn
620 2570 796 2617 Pastor
819 2577 926 2617 toto
952 2567 1237 2616 dominatur
1260 2567 1311 2615 in
1337 2570 1471 2628 orbe,

221 2650 284 2698 Et
309 2650 512 2698 tandem
535 2649 737 2698 venient
762 2667 821 2698 ea
844 2666 995 2713 regna
1019 2649 1236 2698 carentia
1260 2651 1394 2698 luctu
1411 2668 1425 2711 3

221 2730 394 2780 Pellite
418 2747 507 2780 vos
533 2747 763 2780 somnum
789 2732 939 2780 saltus
956 2749 970 2792 3
1006 2730 1228 2794 ingentia
1252 2730 1384 2779 silvis
