2028 3230
325 937 617 997 LATIN
682 935 1366 995 HEXAMETERS.

129 1152 386 1200 GRANDES
410 1150 597 1200 interea
618 1150 848 1211 lacrimae,
875 1150 1153 1215 parilesque
1178 1151 1391 1210 doloreS‚

132 1233 196 1280 Et
219 1231 412 1281 diversa
434 1249 576 1296 pares
600 1233 911 1296 complerunt
934 1248 1085 1295 regna
1110 1233 1353 1294 querellae,

131 1314 269 1375 Quas
315 1330 478 1377 neque
530 1313 696 1378 lingua
742 1313 892 1378 loqui,
943 1315 1160 1362 calamus
1207 1330 1301 1362 nec
1349 1313 1560 1363 scribere

265 1404 427 1444 tantas

132 1475 358 1525 Mortalis
381 1476 553 1525 valeat.
628 1475 799 1525 Solido
825 1475 1031 1525 Titanes
1056 1475 1107 1523 in
1131 1485 1274 1525 antro

130 1555 341 1605 Pristina
364 1556 578 1606 sollicito
602 1556 778 1605 mutati
803 1558 940 1605 frena
964 1557 1137 1606 dolore

131 1639 260 1688 Inde
283 1641 624 1702 reposcebant,
652 1656 764 1702 pars
787 1638 849 1700 vi,
876 1655 987 1702 pars
1012 1648 1189 1702 sponte
1215 1639 1406 1702 sepulti,

130 1719 424 1784 Saturnique
448 1723 759 1784 angore'fero
784 1722 1020 1771 mandata
1042 1723 1324 1770 manebant.

58 1807 59 1811 ’
132 1802 276 1850 Unus
301 1811 351 1851 at
377 1802 569 1866 Ogygia
592 1802 843 1852 dicionem
870 1819 896 1851 e
921 1804 1059 1867 prole
1085 1813 1332 1866 superstes

132 1883 392 1932 Hactenus
416 1883 776 1948 imperiumque
800 1883 1069 1947 inlaesaque
1089 1886 1200 1949 jura
1223 1887 1426 1934 tenebat
1445 1905 1455 1946 3

100 1997 102 1999 v
127 1963 324 2014 Scilicet
347 1966 605 2014 ardentem
628 1965 832 2015 rutilans
859 1965 1164 2030 Hyperionis
1189 1966 1321 2016 orbis

127 2046 294 2095 Gessit
316 2055 370 2095 ut
394 2056 510 2096 ante
537 2049 718 2108 Deum,
744 2047 871 2097 bibit
896 2047 1002 2110 ipse
1027 2048 1268 2097 undantia
1291 2058 1413 2108 tura,

131 2126 348 2176 Reddita
364 2128 534 2176 'adhuc
558 2127 642 2191 pia
666 2129 801 2178 dona
826 2130 954 2188 Deo,
982 2130 1116 2177 velut
1140 2138 1255 2178 ante
1275 2147 1288 2190 3
1323 2147 1417 2178 nec
1442 2130 1509 2177 illi

130 2209 314 2257 Deerat
337 2224 454 2257 cura
477 2218 659 2270 tamen,
686 2226 828 2258 mens
855 2219 903 2258 et
926 2226 1148 2273 praesaga
1171 2212 1424 2259 malorum.

129 2289 285 2337 Haud
310 2305 452 2338 secus
476 2306 535 2338 ac
560 2290 715 2340 dubio
739 2291 979 2340 adficiunt
1003 2301 1232 2355 portenta
1256 2292 1432 2342 timore

127 2369 308 2419 Tristia
330 2372 578 2432 mortales,
609 2373 785 2421 eadem
809 2382 860 2422 at
884 2390 987 2422 non
1014 2390 1164 2422 causa
1187 2374 1384 2437 pavoris
1406 2394 1414 2423 :

129 2453 177 2500 N
181 2468 238 2500 ec
263 2451 422 2516 strigis
447 2452 658 2502 invisum
685 2471 896 2515 carmen,
926 2471 1089 2517 neque
1115 2455 1221 2504 dira
1243 2467 1511 2519 gementes,

131 2532 424 2597 Auditaeque
450 2535 635 2584 ululare
660 2552 822 2595 canes,
852 2553 946 2585 nec
969 2537 1155 2600 pallida
1174 2539 1327 2600 juxta,

130 2613 293 2663 Prima
314 2614 400 2664 ubi
425 2631 706 2679 supremum
731 2617 947 2666 deflebat
971 2618 1119 2667 nenia
1143 2620 1301 2679 funus,

130 2695 245 2744 Rite
272 2697 437 2745 Deum
462 2697 631 2745 famuli
655 2698 860 2747 veniens
885 2701 1157 2749 tremefecit
1181 2701 1344 2765 imago
1366 2720 1379 2762 3

129 2777 177 2824 N
181 2792 239 2826 ee
262 2778 392 2827 mala
416 2778 617 2828 fatidico
642 2782 907 2830 turbabant
932 2781 1100 2830 omina
1125 2781 1279 2845 signo,
