2028 3230
599 217 758 252 LATIN
797 216 1169 251 HEXAMETERS.
1506 207 1600 268 287

179 337 420 399 Flumine,
447 347 677 402 parentes
701 337 882 398 cuncti,
910 347 1015 387 tum
1039 347 1156 387 vota
1179 339 1401 387 ferebant

177 420 261 469 Ad
286 419 560 469 Dominum
582 419 742 484 proni,
770 429 819 469 et
845 436 1031 469 numen
1055 420 1119 469 de
1143 436 1280 469 more
1305 423 1563 470 vocabant.

250 582 470 648 Longius
494 582 629 632 haud
653 598 804 631 curvo
824 583 1070 646 jaculator
1095 582 1283 646 spicula
1307 600 1461 633 cornu

179 665 346 727 Quam
370 665 542 726 vibrat,
571 681 717 728 supra
740 664 965 713 montani
990 665 1203 713 fluminis
1228 667 1387 715 undas

179 747 343 811 Saltus
369 756 473 796 erat
496 746 678 806 viridis,
706 763 806 808 qua
828 762 1001 794 musco
1027 747 1267 809 adoperta
1291 746 1465 796 virenti

181 829 463 877 Manabant
488 844 606 877 saxo
632 827 755 876 c‘asti
780 827 1025 890 spiracula
1048 827 1198 875 fontis
1218 845 1230 887 5

179 911 290 959 Nec
315 911 488 973 procul
512 909 705 958 innexis
730 909 827 958 ilex
851 910 1140 958 umbracula
1162 909 1310 958 ramis

177 993 348 1041 Ardua
371 980 638 1055 praebebat,
666 992 840 1040 caelata
864 1001 913 1040 et
936 993 1115 1040 robora
1139 991 1298 1039 trunci

179 1073 497 1123 Gramineam
521 1066 678 1136 ripam
703 1072 981 1136 cingebant,
1010 1071 1194 1121 cortice
1218 1074 1401 1136 plantae

180 1156 453 1205 Creverunt
477 1156 704 1203 umbram
730 1162 779 1203 et
802 1153 994 1217 gelidos
1019 1162 1192 1217 potare
1218 1154 1433 1217 liquores

179 1239 450 1286 Poscentes
476 1253 681 1299 semper.
758 1235 973 1298 Rugosis
998 1235 1254 1284 frondibus
1278 1236 1444 1286 herbae

180 1321 245 1367 Et
268 1318 422 1367 filices
447 1318 547 1366 illic
571 1318 844 1382 viguerunt,
873 1318 1077 1366 tendere
1101 1318 1300 1366 frondes

180 1402 447 1450 Consuetae
472 1401 537 1448 ad
561 1400 650 1448 rivi
673 1401 913 1463 lymphas,
943 1417 1096 1462 quum
1119 1399 1319 1448 flamina
1342 1401 1476 1449 venti

179 1483 319 1531 Lene
343 1482 635 1530 susurrantis
659 1481 842 1545 placidi
868 1482 1147 1545 crystallina
1171 1481 1319 1530 fontis

178 1565 406 1626 AEquora
428 1572 690 1612 moverunt
707 1581 721 1624 3
756 1580 858 1612 non
882 1564 985 1612 ullo
1010 1572 1232 1626 tempore
1257 1574 1394 1612 motu

181 1646 472 1694 Perturbata
495 1644 642 1708 prius,
670 1643 764 1692 nisi
790 1661 990 1708 surgens
1016 1646 1150 1693 bulla
1174 1645 1430 1707 profundis

181 1725 462 1790 Rumpitur,
491 1735 539 1775 et
564 1725 736 1774 latices
762 1742 939 1774 curvos
965 1725 1220 1773 sinuantur
1243 1725 1294 1774 in
1319 1728 1477 1787 orbeS,

178 1808 276 1856 Seu
300 1805 473 1856 leviter
497 1807 670 1855 transit
694 1823 847 1870 quum
872 1823 1038 1869 penna
1062 1816 1279 1870 praepete
1304 1825 1486 1870 musca,

178 1888 308 1938 Altis
333 1905 419 1939 seu
444 1905 654 1952 quercus
680 1905 833 1951 quum
857 1888 1004 1937 ramis
1029 1888 1214 1937 decidit
1239 1889 1409 1951 imber,

178 1972 346 2034 Atque
370 1970 558 2034 agitant
582 1970 808 2033 lymphas
831 1979 996 2033 guttae.
1073 1972 1197 2019 Fera
1222 1987 1367 2021 cerva
1389 1973 1564 2024 virenti

179 2053 427 2101 Adstabat
450 2051 584 2115 ripae,
613 2068 766 2114 quum
791 2051 975 2100 siccam
1000 2053 1137 2101 fonte
1162 2054 1346 2103 levarat

179 2134 328 2182 Forte
352 2132 497 2193 sitim,
524 2133 834 2196 pedibusque
858 2133 958 2181 illic
982 2133 1185 2182 transire
1210 2136 1402 2186 solebat

183 2213 491 2277 Conpressis,
518 2223 568 2263 at
592 2230 695 2263 non
720 2231 937 2263 summas
963 2216 1266 2265 contendere
1290 2217 1429 2268 vires.

182 2295 278 2343 Per
300 2294 428 2358 ripas
452 2294 552 2343 illic
577 2312 832 2344 muscosas
859 2296 1062 2359 lympha
1087 2296 1250 2346 silenti

185 2375 367 2439 Effugit
390 2377 544 2439 lapsu,
568 2385 616 2426 et
640 2376 781 2440 petiit
806 2394 919 2425 cum
944 2394 1190 2427 murmure
1216 2378 1389 2428 silvam

184 2457 312 2519 Quae
337 2457 532 2505 suberat
555 2457 772 2507 viridem.
847 2460 974 2506 Tam
997 2458 1144 2522 gratis
1170 2476 1369 2523 carpere
1394 2474 1605 2513 amasset

184 2540 304 2602 Ipsa
329 2537 492 2585 Diana
514 2537 636 2587 locis
661 2555 902 2600 somnum,
932 2540 1051 2588 dum
1075 2540 1258 2590 vertice
1285 2543 1504 2593 Phoebus

184 2622 434 2671 Funderet
457 2638 487 2669 a
510 2621 678 2671 medio
702 2623 880 2684 radiOS,
908 2632 957 2672 et
981 2625 1109 2672 fessa
1132 2624 1301 2673 labore

183 2702 417 2752 Venandi
443 2701 614 2751 latices
638 2702 831 2753 biberet
855 2720 1008 2767 quum
1033 2721 1190 2767 prona
1214 2721 1449 2754 coronam
