2028 3230
490 946 814 1008 GREEK
868 945 1266 1006 IAMBICS.

362 1142 391 1161 “
405 1141 518 1193 Quid
536 1154 622 1182 non
642 1140 776 1181 Amor
793 1139 992 1193 inprobus
1010 1139 1133 1179 audet
1147 1137 1391 1179 ?”—OVID.

860 1299 872 1318 Ι

239 1304 386 1357 ΙΟΤ.
425 1301 639 1356 Τούτων
653 1301 906 1356 κέλευσον
920 1298 974 1367 μ’
991 1299 1130 1354 ὥστε
1150 1301 1387 1370 σωθῆναι
1402 1300 1589 1369 *γάμων

162 1386 371 1457 ῥίπτειν
396 1385 626 1455 ἐμαυτὴν
649 1383 912 1456 πτωσίμῳ
939 1382 1038 1437 σὺν
1062 1383 1267 1450 ἅλματι

164 1469 382 1542 πύρ’γων
407 1468 614 1522 ἐκείνων
638 1470 743 1521 τῶν
767 1467 1041 1534 ἐπαλξὲων
1066 1466 1218 1519 κάτα·

163 1551 198 1620 ἢ
223 1552 324 1607 κάν
348 1551 519 1606 ὁδοῖσι
543 1554 856 1608 κλεπτικαῖς
881 1549 1189 1621 ὁδοιπορεῖν·

163 1635 198 1703 ἢ
224 1635 314 1690 καὶ
339 1634 615 1706 δράκοντες
640 1636 803 1707 οὗπερ
830 1633 934 1688 εἰσὶ
958 1632 1256 1687 λανθάνειν·

164 1718 199 1785 ἢ
224 1717 389 1787 δῆσον
413 1716 621 1786 ἄρκτων
644 1717 1009 1790 βαρυβρόμων
1035 1716 1192 1784 δέμας
1215 1715 1364 1784 μέτα·

165 1801 199 1869 ἢ
226 1803 409 1859 νυκτὸς
436 1801 490 1855 ἐν
516 1802 649 1870 θήκῃ
673 1822 741 1868 με
765 1799 1128 1870 νεκροδέγμονι

165 1883 341 1939 ὀστῶν
366 1884 691 1957 κροτούντων
715 1883 932 1954 ἐμπλέῳ
958 1881 1170 1954 κρύψον
1195 1884 1402 1953 νεκρῶν,

167 1970 378 2036 κνημῶν
403 1970 660 2023 κελαινῶν
683 1970 991 2039 λευκοχρῶν
1015 1988 1073 2020 τε
1098 1966 1338 2039 κρανίων·

166 2051 202 2118 ἢ
227 2051 317 2106 καὶ
341 2050 596 2106 κέλευσον
620 2050 830 2118 τύμβον
854 2049 1114 2104 εἰσελθεῖν
1139 2048 1268 2103 νέον·

166 2133 201 2199 ἢ
227 2135 544 2203 συζυγεῖσαν
570 2133 714 2189 νέκυϊ
736 2133 1052 2202 σύνγκεισθαι
1075 2132 1287 2202 πέπλῳ·

169 2219 204 2270 ἅ
229 2239 323 2270 του
347 2217 564 2271 κλύουσ’
590 2218 656 2271 ἂν
680 2217 897 2289 ἔτρεμον
922 2215 1282 2285 ἐξηὙουμὲνου·

170 2304 262 2355 νῦν
285 2301 422 2355 αὐτὰ
447 2304 618 2356 ταῦτα
641 2301 898 2370 πείσομαι
923 2299 1066 2357 δέους
1091 2299 1232 2370 ἄτερ,

169 2386 313 2440 ὅπως
336 2381 405 2438 τὰ
429 2383 647 2457 τάνδρὸς
670 2383 869 2456 λέκτρα
891 2382 966 2452 μὴ
991 2383 1172 2456 προδῶ
1197 2404 1343 2436 ποτε.

244 2550 412 2602 ΛΑΤ.
452 2547 603 2618 Σύγα·
641 2548 875 2603 καταίνει
900 2548 1032 2621 τῷδε
1057 2550 1322 2616 συστῆναι
1345 2548 1505 2620 λέχος

171 2632 298 2686 εἴσω
321 2634 580 2699 μολοῦσα,
608 2631 796 2705 χάρμα
818 2632 1266 2705 προσποιουμένη.

170 2715 269 2787 ὅρα
295 2711 340 2767 θ’
366 2713 510 2772 ὅπως
535 2714 587 2771 ἐς
611 2714 774 2768 νύκτα
797 2715 893 2782 τὴν
918 2715 969 2773 ἐς
993 2714 1174 2786 αὔριον

175 2797 387 2869 (μέλλει
409 2798 514 2869 «γὰρ
540 2798 592 2855 ἐς
616 2796 799 2869 τρίτην
822 2820 886 2852 σε
910 2798 1227 2870 νυμφεύσειν
1252 2797 1446 2867 Πάρις)
