<?xml version="1.0" encoding="UTF-8"?>
<!DOCTYPE html PUBLIC "-//W3C//DTD XHTML 1.0 Transitional//EN"
    "http://www.w3.org/TR/xhtml1/DTD/xhtml1-transitional.dtd">
<html xmlns="http://www.w3.org/1999/xhtml" xml:lang="en" lang="en">
 <head>
  <title>
</title>
<meta http-equiv="Content-Type" content="text/html;charset=utf-8" />
  <meta name='ocr-system' content='tesseract 3.04.00' />
  <meta name='ocr-capabilities' content='ocr_page ocr_carea ocr_par ocr_line ocrx_word'/>
</head>
<body>
  <div class='ocr_page' id='page_1' title='image "./flosculicheltoni00jerruoft_0241.png"; bbox 0 0 2028 3230; ppageno 0'>
   <div class='ocr_carea' id='block_1_1' title="bbox 0 0 139 136">
    <p class='ocr_par' dir='ltr' id='par_1_1' title="bbox 0 0 139 136">
     <span class='ocr_line' id='line_1_1' title="bbox 0 0 139 136; baseline 0 3094"><span class='ocrx_word' id='word_1_1' title='bbox 0 0 139 136; x_wconf 95' lang='lat' dir='ltr'> </span> 
     </span>
    </p>
   </div>
   <div class='ocr_carea' id='block_1_2' title="bbox 601 277 1607 327">
    <p class='ocr_par' dir='ltr' id='par_1_2' title="bbox 601 277 1607 327">
     <span class='ocr_line' id='line_1_2' title="bbox 601 277 1607 327; baseline 0.001 -14"><span class='ocrx_word' id='word_1_2' title='bbox 601 277 780 313; x_wconf 87' lang='lat' dir='ltr'><strong>GREEK</strong></span> <span class='ocrx_word' id='word_1_3' title='bbox 817 277 1187 312; x_wconf 86' lang='lat' dir='ltr'><strong>HEXAMETERS.</strong></span> <span class='ocrx_word' id='word_1_4' title='bbox 1516 284 1539 314; x_wconf 84' lang='lat'><strong>2</strong></span> <span class='ocrx_word' id='word_1_5' title='bbox 1553 284 1571 314; x_wconf 90' lang='lat' dir='ltr'>I</span> <span class='ocrx_word' id='word_1_6' title='bbox 1583 283 1607 327; x_wconf 67' lang='lat'>‚3</span> 
     </span>
    </p>
   </div>
   <div class='ocr_carea' id='block_1_3' title="bbox 175 395 1614 2043">
    <p class='ocr_par' dir='ltr' id='par_1_3' title="bbox 180 395 1606 547">
     <span class='ocr_line' id='line_1_3' title="bbox 180 395 1606 472; baseline 0.001 -21"><span class='ocrx_word' id='word_1_7' title='bbox 180 397 364 472; x_wconf 81' lang='grc' dir='ltr'>ἐχθροὶ</span> <span class='ocrx_word' id='word_1_8' title='bbox 407 396 724 470; x_wconf 81' lang='grc' dir='ltr'>ἐπέρχονται</span> <span class='ocrx_word' id='word_1_9' title='bbox 764 397 918 466; x_wconf 83' lang='grc' dir='ltr'>μάλα</span> <span class='ocrx_word' id='word_1_10' title='bbox 966 395 1029 465; x_wconf 85' lang='grc' dir='ltr'>δὴ</span> <span class='ocrx_word' id='word_1_11' title='bbox 1073 396 1282 471; x_wconf 86' lang='grc' dir='ltr'>σχεδόν·</span> <span class='ocrx_word' id='word_1_12' title='bbox 1341 399 1375 466; x_wconf 84' lang='grc' dir='ltr'>ἢ</span> <span class='ocrx_word' id='word_1_13' title='bbox 1426 401 1495 471; x_wconf 86' lang='grc' dir='ltr'>ῥά</span> <span class='ocrx_word' id='word_1_14' title='bbox 1547 422 1606 454; x_wconf 91' lang='grc' dir='ltr'>νυ</span> 
     </span>
     <span class='ocr_line' id='line_1_4' title="bbox 324 479 512 547; baseline 0 -13"><span class='ocrx_word' id='word_1_15' title='bbox 324 479 512 547; x_wconf 85' lang='grc' dir='ltr'>Ῥηνοῦ</span> 
     </span>
    </p>

    <p class='ocr_par' dir='ltr' id='par_1_4' title="bbox 175 559 1605 634">
     <span class='ocr_line' id='line_1_5' title="bbox 175 559 1605 634; baseline 0.001 -17"><span class='ocrx_word' id='word_1_16' title='bbox 175 564 338 631; x_wconf 86' lang='grc' dir='ltr'>ἡμέας</span> <span class='ocrx_word' id='word_1_17' title='bbox 362 561 547 632; x_wconf 84' lang='grc' dir='ltr'>κύματ’</span> <span class='ocrx_word' id='word_1_18' title='bbox 575 561 644 616; x_wconf 80' lang='grc' dir='ltr'>ἔτ’</span> <span class='ocrx_word' id='word_1_19' title='bbox 673 559 943 634; x_wconf 88' lang='grc' dir='ltr'>ἀμφιέπει·</span> <span class='ocrx_word' id='word_1_20' title='bbox 982 563 1039 617; x_wconf 92' lang='grc' dir='ltr'>τί</span> <span class='ocrx_word' id='word_1_21' title='bbox 1060 561 1115 617; x_wconf 87' lang='grc' dir='ltr'>δὲ</span> <span class='ocrx_word' id='word_1_22' title='bbox 1148 564 1359 631; x_wconf 83' lang='grc' dir='ltr'>κύματα</span> <span class='ocrx_word' id='word_1_23' title='bbox 1384 563 1605 634; x_wconf 80' lang='grc' dir='ltr'>ῥείθρων</span> 
     </span>
    </p>

    <p class='ocr_par' dir='ltr' id='par_1_5' title="bbox 179 643 1554 719">
     <span class='ocr_line' id='line_1_6' title="bbox 179 643 1554 719; baseline -0.001 -19"><span class='ocrx_word' id='word_1_24' title='bbox 179 646 336 719; x_wconf 80' lang='grc' dir='ltr'>οὔρεά</span> <span class='ocrx_word' id='word_1_25' title='bbox 360 669 418 700; x_wconf 92' lang='grc' dir='ltr'>τε</span> <span class='ocrx_word' id='word_1_26' title='bbox 442 650 702 719; x_wconf 87' lang='grc' dir='ltr'>χραισμεῖ</span> <span class='ocrx_word' id='word_1_27' title='bbox 724 643 923 699; x_wconf 86' lang='grc' dir='ltr'>τούτων</span> <span class='ocrx_word' id='word_1_28' title='bbox 949 645 1068 700; x_wconf 84' lang='grc' dir='ltr'>ὁδὸν</span> <span class='ocrx_word' id='word_1_29' title='bbox 1093 647 1234 700; x_wconf 89' lang='grc' dir='ltr'>ὥστε</span> <span class='ocrx_word' id='word_1_30' title='bbox 1260 647 1554 718; x_wconf 83' lang='grc' dir='ltr'>κατίσχειν,</span> 
     </span>
    </p>

    <p class='ocr_par' dir='ltr' id='par_1_6' title="bbox 181 727 1497 801">
     <span class='ocr_line' id='line_1_7' title="bbox 181 727 1497 801; baseline 0 -19"><span class='ocrx_word' id='word_1_31' title='bbox 181 729 234 783; x_wconf 80' lang='grc' dir='ltr'>οἳ</span> <span class='ocrx_word' id='word_1_32' title='bbox 255 729 489 801; x_wconf 83' lang='grc' dir='ltr'>φοβερὸν</span> <span class='ocrx_word' id='word_1_33' title='bbox 513 727 721 796; x_wconf 84' lang='grc' dir='ltr'>πλῆθος</span> <span class='ocrx_word' id='word_1_34' title='bbox 745 727 978 801; x_wconf 84' lang='grc' dir='ltr'>χωροῦσ’</span> <span class='ocrx_word' id='word_1_35' title='bbox 1005 728 1299 783; x_wconf 79' lang='grc' dir='ltr'>ἀτάλαντοι</span> <span class='ocrx_word' id='word_1_36' title='bbox 1325 728 1497 798; x_wconf 81' lang='grc' dir='ltr'>ἀέλλῃ</span> 
     </span>
    </p>

    <p class='ocr_par' dir='ltr' id='par_1_7' title="bbox 183 809 1464 884">
     <span class='ocr_line' id='line_1_8' title="bbox 183 809 1464 884; baseline -0.001 -19"><span class='ocrx_word' id='word_1_37' title='bbox 183 811 242 865; x_wconf 79' lang='grc' dir='ltr'>οἵ</span> <span class='ocrx_word' id='word_1_38' title='bbox 257 809 303 865; x_wconf 90' lang='grc' dir='ltr'>τ’</span> <span class='ocrx_word' id='word_1_39' title='bbox 331 811 704 882; x_wconf 85' lang='grc' dir='ltr'>ἐπαγείρουσιν</span> <span class='ocrx_word' id='word_1_40' title='bbox 728 810 984 884; x_wconf 76' lang='grc' dir='ltr'>κούρητας</span> <span class='ocrx_word' id='word_1_41' title='bbox 1010 811 1110 865; x_wconf 85' lang='grc' dir='ltr'>σὺν</span> <span class='ocrx_word' id='word_1_42' title='bbox 1135 811 1190 864; x_wconf 82' lang='grc' dir='ltr'>δὲ</span> <span class='ocrx_word' id='word_1_43' title='bbox 1214 812 1464 882; x_wconf 87' lang='grc' dir='ltr'>γέροντας</span> 
     </span>
    </p>

    <p class='ocr_par' dir='ltr' id='par_1_8' title="bbox 181 893 1543 967">
     <span class='ocr_line' id='line_1_9' title="bbox 181 893 1543 967; baseline -0.001 -19"><span class='ocrx_word' id='word_1_44' title='bbox 181 893 418 948; x_wconf 64' lang='grc' dir='ltr'>πάντοθ·</span> <span class='ocrx_word' id='word_1_45' title='bbox 446 893 772 963; x_wconf 88' lang='grc' dir='ltr'>ἐπειγόμενοι</span> <span class='ocrx_word' id='word_1_46' title='bbox 797 893 853 948; x_wconf 84' lang='grc' dir='ltr'>δὲ</span> <span class='ocrx_word' id='word_1_47' title='bbox 878 894 967 946; x_wconf 88' lang='grc' dir='ltr'>καὶ</span> <span class='ocrx_word' id='word_1_48' title='bbox 990 893 1165 966; x_wconf 80' lang='grc' dir='ltr'>ἄγριοι</span> <span class='ocrx_word' id='word_1_49' title='bbox 1191 893 1543 967; x_wconf 82' lang='grc' dir='ltr'>εἰσέρχονται,</span> 
     </span>
    </p>

    <p class='ocr_par' dir='ltr' id='par_1_9' title="bbox 184 975 1518 1049">
     <span class='ocr_line' id='line_1_10' title="bbox 184 975 1518 1049; baseline 0 -19"><span class='ocrx_word' id='word_1_50' title='bbox 184 975 289 1031; x_wconf 84' lang='grc' dir='ltr'>οὐδ’</span> <span class='ocrx_word' id='word_1_51' title='bbox 317 976 536 1049; x_wconf 83' lang='grc' dir='ltr'>ὀλέθρου</span> <span class='ocrx_word' id='word_1_52' title='bbox 561 976 768 1049; x_wconf 78' lang='grc' dir='ltr'>τρομέει</span> <span class='ocrx_word' id='word_1_53' title='bbox 792 976 1000 1049; x_wconf 86' lang='grc' dir='ltr'>πλῆθος</span> <span class='ocrx_word' id='word_1_54' title='bbox 1026 980 1316 1049; x_wconf 84' lang='grc' dir='ltr'>κρατερῆφι</span> <span class='ocrx_word' id='word_1_55' title='bbox 1341 977 1518 1049; x_wconf 80' lang='grc' dir='ltr'>βίηφι,</span> 
     </span>
    </p>

    <p class='ocr_par' dir='ltr' id='par_1_10' title="bbox 183 1057 1607 1132">
     <span class='ocr_line' id='line_1_11' title="bbox 183 1057 1607 1132; baseline -0.001 -19"><span class='ocrx_word' id='word_1_56' title='bbox 183 1059 272 1114; x_wconf 86' lang='grc' dir='ltr'>καὶ</span> <span class='ocrx_word' id='word_1_57' title='bbox 299 1059 527 1132; x_wconf 84' lang='grc' dir='ltr'>στρατὸς</span> <span class='ocrx_word' id='word_1_58' title='bbox 553 1060 717 1128; x_wconf 79' lang='grc' dir='ltr'>ἑξείης</span> <span class='ocrx_word' id='word_1_59' title='bbox 742 1057 1112 1132; x_wconf 65' lang='grc' dir='ltr'>συναγείρεται</span> <span class='ocrx_word' id='word_1_60' title='bbox 1137 1059 1306 1118; x_wconf 80' lang='grc' dir='ltr'>ἄλλος</span> <span class='ocrx_word' id='word_1_61' title='bbox 1333 1058 1417 1113; x_wconf 86' lang='grc' dir='ltr'>ἐπ’</span> <span class='ocrx_word' id='word_1_62' title='bbox 1438 1059 1607 1128; x_wconf 82' lang='grc' dir='ltr'>ἄλλῳ.</span> 
     </span>
    </p>

    <p class='ocr_par' dir='ltr' id='par_1_11' title="bbox 185 1132 1520 1216">
     <span class='ocr_line' id='line_1_12' title="bbox 185 1132 1520 1216; baseline -0.001 -20"><span class='ocrx_word' id='word_1_63' title='bbox 185 1147 275 1197; x_wconf 87' lang='grc' dir='ltr'>νῦν</span> <span class='ocrx_word' id='word_1_64' title='bbox 301 1142 343 1196; x_wconf 85' lang='grc' dir='ltr'>δ’</span> <span class='ocrx_word' id='word_1_65' title='bbox 369 1140 451 1214; x_wconf 80' lang='grc' dir='ltr'>ἄρ’</span> <span class='ocrx_word' id='word_1_66' title='bbox 479 1142 554 1196; x_wconf 85' lang='grc' dir='ltr'>ἐνὶ</span> <span class='ocrx_word' id='word_1_67' title='bbox 573 1142 806 1216; x_wconf 79' lang='grc' dir='ltr'>σταθμῷ</span> <span class='ocrx_word' id='word_1_68' title='bbox 828 1147 1003 1211; x_wconf 89' lang='grc' dir='ltr'>μεῖναι</span> <span class='ocrx_word' id='word_1_69' title='bbox 1028 1132 1298 1213; x_wconf 84' lang='grc' dir='ltr'>Γέρμανον</span> <span class='ocrx_word' id='word_1_70' title='bbox 1325 1141 1520 1203; x_wconf 82' lang='grc' dir='ltr'>ἔοικεν,·</span> 
     </span>
    </p>

    <p class='ocr_par' dir='ltr' id='par_1_12' title="bbox 185 1223 1501 1298">
     <span class='ocr_line' id='line_1_13' title="bbox 185 1223 1501 1298; baseline 0 -20"><span class='ocrx_word' id='word_1_71' title='bbox 185 1223 462 1290; x_wconf 83' lang='grc' dir='ltr'>ἐλδόμεναι</span> <span class='ocrx_word' id='word_1_72' title='bbox 487 1225 698 1298; x_wconf 88' lang='grc' dir='ltr'>φυγέειν</span> <span class='ocrx_word' id='word_1_73' title='bbox 721 1225 924 1294; x_wconf 89' lang='grc' dir='ltr'>μέλλον</span> <span class='ocrx_word' id='word_1_74' title='bbox 949 1225 1252 1280; x_wconf 83' lang='grc' dir='ltr'>πάντεσσιν</span> <span class='ocrx_word' id='word_1_75' title='bbox 1278 1224 1472 1278; x_wconf 82' lang='grc' dir='ltr'>ἄεθλον</span> <span class='ocrx_word' id='word_1_76' title='bbox 1486 1251 1501 1287; x_wconf 94' lang='grc'><em>;</em></span> 
     </span>
    </p>

    <p class='ocr_par' dir='ltr' id='par_1_13' title="bbox 185 1307 1325 1380">
     <span class='ocr_line' id='line_1_14' title="bbox 185 1307 1325 1380; baseline -0.001 -18"><span class='ocrx_word' id='word_1_77' title='bbox 185 1309 344 1364; x_wconf 80' lang='grc' dir='ltr'>οὔτοι·</span> <span class='ocrx_word' id='word_1_78' title='bbox 381 1311 546 1380; x_wconf 86' lang='grc' dir='ltr'>μῆτερ</span> <span class='ocrx_word' id='word_1_79' title='bbox 571 1307 687 1375; x_wconf 86' lang='grc' dir='ltr'>ε’μὴ,</span> <span class='ocrx_word' id='word_1_80' title='bbox 713 1308 821 1362; x_wconf 84' lang='grc' dir='ltr'>αἰεί</span> <span class='ocrx_word' id='word_1_81' title='bbox 839 1307 888 1375; x_wconf 85' lang='grc' dir='ltr'>γ’</span> <span class='ocrx_word' id='word_1_82' title='bbox 916 1307 1158 1366; x_wconf 86' lang='grc' dir='ltr'>ἀέκοντος</span> <span class='ocrx_word' id='word_1_83' title='bbox 1185 1309 1325 1376; x_wconf 89' lang='grc' dir='ltr'>ἐμεῖο</span> 
     </span>
    </p>

    <p class='ocr_par' dir='ltr' id='par_1_14' title="bbox 185 1385 1409 1462">
     <span class='ocr_line' id='line_1_15' title="bbox 185 1385 1409 1462; baseline -0.003 -15"><span class='ocrx_word' id='word_1_84' title='bbox 185 1389 438 1460; x_wconf 79' lang='grc' dir='ltr'>ἐξελύθην</span> <span class='ocrx_word' id='word_1_85' title='bbox 462 1390 550 1445; x_wconf 85' lang='grc' dir='ltr'>ὅτε</span> <span class='ocrx_word' id='word_1_86' title='bbox 575 1394 666 1446; x_wconf 85' lang='grc' dir='ltr'>νῦν</span> <span class='ocrx_word' id='word_1_87' title='bbox 690 1391 870 1462; x_wconf 82' lang='grc' dir='ltr'>κλήρῳ</span> <span class='ocrx_word' id='word_1_88' title='bbox 897 1391 1143 1459; x_wconf 90' lang='grc' dir='ltr'>ἐλέγοντο</span> <span class='ocrx_word' id='word_1_89' title='bbox 1168 1385 1409 1445; x_wconf 87' lang='grc' dir='ltr'>πολιτῶν</span> 
     </span>
    </p>

    <p class='ocr_par' dir='ltr' id='par_1_15' title="bbox 187 1472 1455 1547">
     <span class='ocr_line' id='line_1_16' title="bbox 187 1472 1455 1547; baseline 0.003 -20"><span class='ocrx_word' id='word_1_90' title='bbox 187 1475 274 1531; x_wconf 77' lang='grc' dir='ltr'>οὓς</span> <span class='ocrx_word' id='word_1_91' title='bbox 302 1475 474 1541; x_wconf 87' lang='grc' dir='ltr'>ἴμεναι</span> <span class='ocrx_word' id='word_1_92' title='bbox 498 1472 793 1543; x_wconf 85' lang='grc' dir='ltr'>πόλεμόνδε</span> <span class='ocrx_word' id='word_1_93' title='bbox 817 1475 1005 1547; x_wconf 87' lang='grc' dir='ltr'>χρεών·</span> <span class='ocrx_word' id='word_1_94' title='bbox 1043 1476 1076 1543; x_wconf 84' lang='grc' dir='ltr'>ἢ</span> <span class='ocrx_word' id='word_1_95' title='bbox 1104 1474 1238 1542; x_wconf 83' lang='grc' dir='ltr'>δῆτά</span> <span class='ocrx_word' id='word_1_96' title='bbox 1264 1496 1325 1528; x_wconf 87' lang='grc' dir='ltr'>νυ</span> <span class='ocrx_word' id='word_1_97' title='bbox 1350 1472 1455 1531; x_wconf 72' lang='grc' dir='ltr'>οἷος</span> 
     </span>
    </p>

    <p class='ocr_par' dir='ltr' id='par_1_16' title="bbox 188 1555 1543 1627">
     <span class='ocr_line' id='line_1_17' title="bbox 188 1555 1543 1627; baseline 0.001 -16"><span class='ocrx_word' id='word_1_98' title='bbox 188 1557 362 1626; x_wconf 89' lang='grc' dir='ltr'>μίμνω</span> <span class='ocrx_word' id='word_1_99' title='bbox 388 1555 476 1609; x_wconf 87' lang='grc' dir='ltr'>σοὶ</span> <span class='ocrx_word' id='word_1_100' title='bbox 503 1556 661 1627; x_wconf 85' lang='grc' dir='ltr'>φίλος</span> <span class='ocrx_word' id='word_1_101' title='bbox 685 1555 795 1613; x_wconf 78' lang='grc' dir='ltr'>υἷος</span> <span class='ocrx_word' id='word_1_102' title='bbox 821 1556 938 1624; x_wconf 86' lang='grc' dir='ltr'>ἐγὼ,</span> <span class='ocrx_word' id='word_1_103' title='bbox 966 1556 1189 1611; x_wconf 88' lang='grc' dir='ltr'>πέλεται</span> <span class='ocrx_word' id='word_1_104' title='bbox 1216 1556 1271 1610; x_wconf 84' lang='grc' dir='ltr'>δὲ</span> <span class='ocrx_word' id='word_1_105' title='bbox 1294 1557 1543 1625; x_wconf 80' lang='grc' dir='ltr'>μέγιστος</span> 
     </span>
    </p>

    <p class='ocr_par' dir='ltr' id='par_1_17' title="bbox 189 1638 1611 1776">
     <span class='ocr_line' id='line_1_18' title="bbox 189 1638 1611 1713; baseline -0.002 -18"><span class='ocrx_word' id='word_1_106' title='bbox 189 1643 280 1695; x_wconf 89' lang='grc' dir='ltr'>νῦν</span> <span class='ocrx_word' id='word_1_107' title='bbox 319 1638 572 1708; x_wconf 86' lang='grc' dir='ltr'>σταθμὸς,</span> <span class='ocrx_word' id='word_1_108' title='bbox 603 1639 846 1713; x_wconf 90' lang='grc' dir='ltr'>χαλεπός</span> <span class='ocrx_word' id='word_1_109' title='bbox 887 1639 933 1692; x_wconf 84' lang='grc' dir='ltr'>θ’</span> <span class='ocrx_word' id='word_1_110' title='bbox 971 1640 1096 1707; x_wconf 88' lang='grc' dir='ltr'>ἡμῖν</span> <span class='ocrx_word' id='word_1_111' title='bbox 1136 1639 1296 1698; x_wconf 89' lang='grc' dir='ltr'>πόνος</span> <span class='ocrx_word' id='word_1_112' title='bbox 1340 1639 1457 1693; x_wconf 84' lang='grc' dir='ltr'>ἐστὶ</span> <span class='ocrx_word' id='word_1_113' title='bbox 1501 1642 1611 1694; x_wconf 78' lang='grc' dir='ltr'>κατ’</span> 
     </span>
     <span class='ocr_line' id='line_1_19' title="bbox 335 1721 492 1776; baseline -0.006 0"><span class='ocrx_word' id='word_1_114' title='bbox 335 1721 492 1776; x_wconf 85' lang='grc' dir='ltr'>οἷκον·</span> 
     </span>
    </p>

    <p class='ocr_par' dir='ltr' id='par_1_18' title="bbox 188 1804 1614 1878">
     <span class='ocr_line' id='line_1_20' title="bbox 188 1804 1614 1878; baseline -0.001 -18"><span class='ocrx_word' id='word_1_115' title='bbox 188 1807 307 1860; x_wconf 87' lang='grc' dir='ltr'>ἀλλ’</span> <span class='ocrx_word' id='word_1_116' title='bbox 336 1806 398 1860; x_wconf 85' lang='grc' dir='ltr'>οὐ</span> <span class='ocrx_word' id='word_1_117' title='bbox 423 1804 486 1872; x_wconf 81' lang='grc' dir='ltr'>δὴ</span> <span class='ocrx_word' id='word_1_118' title='bbox 511 1804 895 1878; x_wconf 82' lang='grc' dir='ltr'>προμάχεσθαι</span> <span class='ocrx_word' id='word_1_119' title='bbox 921 1806 1035 1874; x_wconf 89' lang='grc' dir='ltr'>ἐμοὶ</span> <span class='ocrx_word' id='word_1_120' title='bbox 1062 1809 1312 1877; x_wconf 88' lang='grc' dir='ltr'>κρεῖσσον</span> <span class='ocrx_word' id='word_1_121' title='bbox 1333 1806 1422 1859; x_wconf 85' lang='grc' dir='ltr'>καὶ</span> <span class='ocrx_word' id='word_1_122' title='bbox 1441 1807 1614 1876; x_wconf 84' lang='grc' dir='ltr'>ἄρειον</span> 
     </span>
    </p>

    <p class='ocr_par' dir='ltr' id='par_1_19' title="bbox 189 1886 1410 1962">
     <span class='ocr_line' id='line_1_21' title="bbox 189 1886 1410 1962; baseline -0.001 -18"><span class='ocrx_word' id='word_1_123' title='bbox 189 1889 264 1944; x_wconf 83' lang='grc' dir='ltr'>εἰν</span> <span class='ocrx_word' id='word_1_124' title='bbox 289 1889 459 1962; x_wconf 82' lang='grc' dir='ltr'>οὔροις</span> <span class='ocrx_word' id='word_1_125' title='bbox 482 1887 517 1956; x_wconf 85' lang='grc' dir='ltr'>ἢ</span> <span class='ocrx_word' id='word_1_126' title='bbox 541 1892 607 1959; x_wconf 87' lang='grc' dir='ltr'>τῇ</span> <span class='ocrx_word' id='word_1_127' title='bbox 632 1886 682 1956; x_wconf 89' lang='grc' dir='ltr'>γ’</span> <span class='ocrx_word' id='word_1_128' title='bbox 709 1889 973 1957; x_wconf 88' lang='grc' dir='ltr'>ἐπιμεῖναι</span> <span class='ocrx_word' id='word_1_129' title='bbox 1000 1887 1211 1943; x_wconf 84' lang='grc' dir='ltr'>δούλιον</span> <span class='ocrx_word' id='word_1_130' title='bbox 1237 1889 1410 1961; x_wconf 87' lang='grc' dir='ltr'>ἤμαρ;</span> 
     </span>
    </p>

    <p class='ocr_par' dir='ltr' id='par_1_20' title="bbox 192 1970 1512 2043">
     <span class='ocr_line' id='line_1_22' title="bbox 192 1970 1512 2043; baseline -0.001 -17"><span class='ocrx_word' id='word_1_131' title='bbox 192 1971 277 2026; x_wconf 89' lang='grc' dir='ltr'>ναὶ</span> <span class='ocrx_word' id='word_1_132' title='bbox 302 1971 364 2039; x_wconf 82' lang='grc' dir='ltr'>δὴ</span> <span class='ocrx_word' id='word_1_133' title='bbox 390 1971 546 2026; x_wconf 86' lang='grc' dir='ltr'>τοῦτό</span> <span class='ocrx_word' id='word_1_134' title='bbox 571 1970 632 2039; x_wconf 90' lang='grc' dir='ltr'>γέ</span> <span class='ocrx_word' id='word_1_135' title='bbox 655 1992 747 2039; x_wconf 88' lang='grc' dir='ltr'>μοι</span> <span class='ocrx_word' id='word_1_136' title='bbox 773 1972 952 2026; x_wconf 90' lang='grc' dir='ltr'>καλόν·</span> <span class='ocrx_word' id='word_1_137' title='bbox 994 1970 1154 2039; x_wconf 85' lang='grc' dir='ltr'>θυμὸς</span> <span class='ocrx_word' id='word_1_138' title='bbox 1178 1971 1283 2043; x_wconf 82' lang='grc' dir='ltr'>γὰρ</span> <span class='ocrx_word' id='word_1_139' title='bbox 1309 1972 1512 2039; x_wconf 88' lang='grc' dir='ltr'>ἀνώγει·</span> 
     </span>
    </p>
   </div>
   <div class='ocr_carea' id='block_1_4' title="bbox 869 2880 963 2913">
    <p class='ocr_par' dir='ltr' id='par_1_21' title="bbox 869 2880 963 2913">
     <span class='ocr_line' id='line_1_23' title="bbox 869 2880 963 2913; baseline 0.011 -1"><span class='ocrx_word' id='word_1_140' title='bbox 869 2880 963 2913; x_wconf 75' lang='lat'>1³2</span> 
     </span>
    </p>
   </div>
  </div>
 </body>
</html>
