2028 3230
637 231 796 264 LATIN
833 230 1095 264 ELEGIACS.
1484 214 1579 280 259

68 366 78 373 ’·
158 352 290 404 Dein
313 353 400 403 ubi
419 355 524 417 Jam
547 353 709 402 nullos
733 361 962 416 poterant
986 349 1245 399 admittere
1269 359 1439 413 portae,

227 435 485 486 Clauditur
507 433 735 498 apposita
753 435 907 496 janua
930 433 1052 480 fulta
1076 447 1194 480 sera.

157 518 354 566 Frustra
377 515 681 580 supplicibus
705 523 946 564 testantur
969 512 1173 561 numina
1195 512 1322 561 votis
1345 531 1354 560 ι

226 597 470 648 Funditus
494 598 698 647 admota
722 605 795 646 est
819 596 946 645 cella
969 602 1184 644 cremata
1209 594 1327 642 face.

158 766 186 788 “
205 761 413 826 Egregie
437 762 634 820 festOS,”
659 759 833 823 inquit,
863 762 892 784 “
909 757 1256 807 succendimus
1282 757 1421 821 ignes
1443 775 1455 817 3

226 845 319 894 Pol
341 846 351 892 l
386 845 516 893 bene
540 843 604 892 de
629 841 786 906 patria
809 858 889 890 me
912 839 1148 890 meruisse
1171 856 1295 899 reor,

158 927 326 991 Quum
351 934 427 975 tot
451 923 727 974 sustulerim
753 922 839 972 tali
863 922 914 970 in
939 919 1221 971 discrimine
1246 936 1407 968 mures

224 1007 324 1070 Qui
350 1005 542 1057 Cereris
565 1021 768 1069 parcum
792 1003 860 1052 nil
886 1002 980 1052 nisi
1003 1019 1182 1051 munus
1209 1003 1361 1051 edunt
1386 1003 1427 1048 !'’

156 1171 389 1221 Dixerat:
425 1179 480 1219 ut
503 1168 644 1234 petiit
667 1168 905 1217 redeunte
930 1165 1112 1230 palatia
1135 1182 1317 1229 gressu,

225 1255 391 1302 Laetus
415 1251 466 1300 in
491 1250 687 1300 ostrinis
711 1247 1042 1311 accubuitque
1067 1246 1200 1308 toris,

157 1337 273 1385 Nox
295 1335 431 1384 velut
454 1331 640 1382 insonti
662 1330 887 1395 placidos
912 1329 1050 1379 dedit
1074 1329 1158 1377 illa
1182 1344 1398 1391 sopores,

223 1418 342 1466 Non
366 1415 542 1465 iterum
566 1430 768 1464 somnos
792 1429 894 1462 nox
917 1411 1028 1461 tulit
1051 1413 1151 1460 ulla
1175 1420 1355 1459 tamen.

152 1594 365 1655 Jamque
390 1598 494 1639 erat
517 1597 625 1638 orta
648 1588 754 1637 dies
778 1607 787 1637 ε
825 1586 955 1636 subit
979 1586 1100 1634 atria
1123 1602 1270 1634 mane
1296 1585 1551 1643 Sacerd08‚

221 1673 470 1736 Suspensa
494 1669 678 1733 effigies
702 1667 887 1732 pariete
912 1666 1047 1730 picta
1070 1666 1162 1715 fuit
1182 1685 1191 1714 :

153 1754 314 1805 Sudor
335 1752 442 1803 obit
463 1751 654 1816 gelidus
678 1758 975 1814 praemortua
999 1749 1233 1808 membra,
1262 1748 1458 1796 tabellae

225 1834 452 1885 Muribus
477 1850 638 1883 exesae
661 1832 731 1880 nil
755 1831 849 1880 nisi
874 1833 1030 1880 forma
1055 1839 1235 1878 manet.
1308 1854 1310 1856 v

155 2012 230 2060 Ut
253 2009 388 2059 stetit
412 2010 589 2058 obtutu
613 2008 752 2067 fixus,
779 2004 1003 2069 pervenit
1027 2005 1090 2052 ab
1118 2003 1243 2067 agris

224 2090 454 2151 Nuntius,
483 2098 532 2139 et
555 2088 749 2152 trepido
773 2084 931 2151 pallor
953 2085 1004 2134 in
1030 2101 1115 2134 ore
1139 2084 1229 2133 fuit
1249 2103 1262 2145 3

160 2177 188 2199 “
206 2174 313 2222 Nos
336 2171 488 2221 hodie
512 2171 639 2231 tua,'’
664 2169 745 2229 ait,
778 2166 1143 2217 “reseravimus
1169 2167 1357 2225 horrea,
1386 2181 1548 2213 mures

225 2254 352 2316 Quae
375 2252 479 2314 fuit,
507 2252 728 2311 ederunt,
755 2259 871 2299 ante
897 2257 1074 2298 coacta
1099 2249 1297 2298 Ceres.''

160 2429 285 2477 Mox
308 2427 437 2490 pede
461 2426 639 2475 festino
665 2424 901 2474 successit
925 2422 1128 2472 nuntius
1153 2424 1288 2482 alter,

226 2510 476 2558 Marmore
499 2506 729 2570 pallidior
751 2505 1078 2569 pallidiorque
1103 2503 1215 2553 nive
1236 2522 1250 2565 3

160 2595 189 2617 ‘⁴
210 2592 235 2639 I
261 2590 374 2653 fuge
394 2607 407 2650 ;
441 2605 635 2637 murum
659 2589 845 2637 adeunt
869 2586 960 2636 tibi
984 2586 1122 2634 milia
1145 2586 1288 2645 dena,
1317 2593 1489 2633 caveto

226 2673 306 2722 Ne
331 2671 490 2720 scelus
514 2670 796 2719 hesternum
821 2668 993 2733 puniat
1017 2667 1087 2716 ira
1113 2666 1253 2716 Dei.'’
