2028 3230
952 215 1042 266 145

572 759 864 821 LATIN
921 759 1405 820 ELEGIACS.

388 956 419 975 “
432 954 559 1003 How,
583 967 692 1002 now,
716 966 799 1006 you
820 958 963 1001 secret,
987 951 1113 992 black
1133 953 1217 992 and
1236 953 1444 1006 midnight
1465 953 1581 1005 hags,

384 1027 513 1068 What
533 1027 598 1069 is’t
618 1041 701 1081 you
721 1029 776 1068 do
793 1028 840 1070 ?’'

275 1194 493 1242 ALTERA
512 1195 718 1258 jamque
741 1195 915 1244 aderat
939 1211 1054 1255 nox,
1079 1204 1128 1244 et
1152 1211 1284 1243 nova
1311 1195 1454 1241 Luna
1479 1193 1705 1252 cadebat,

346 1275 611 1325 Horrisoni
634 1276 820 1326 ruimus
845 1294 935 1341 per
958 1279 1082 1326 freta
1105 1277 1245 1340 nigra
1267 1275 1416 1324 maris
1435 1293 1449 1335 3

277 1356 475 1406 Scilicet
497 1356 787 1421 inpavidum
811 1360 1072 1422 praebebat
1097 1358 1292 1407 concha
1317 1357 1590 1420 phaselum,

346 1439 572 1502 Velaque
597 1440 808 1488 caerulea
833 1449 944 1490 ruta
966 1439 1160 1488 marina
1184 1455 1341 1488 coma.

280 1602 535 1652 Continuo
561 1619 623 1651 en
645 1606 654 1651 l
692 1602 831 1652 saevit
857 1603 1262 1652 Boreas—micat
1286 1601 1431 1666 ignea
1455 1601 1592 1661 rima,

345 1685 573 1747 AEquora
595 1684 714 1733 dum
740 1685 986 1733 scandunt
1010 1683 1275 1733 ambitiosa
1299 1684 1471 1746 polum
1496 1702 1505 1730 ε

278 1763 532 1829 Undivagi
557 1766 805 1815 exululare
830 1782 995 1826 canes,
1023 1766 1302 1828 caelumque
1328 1763 1515 1813 tonitru

347 1845 574 1908 Stridere,
600 1857 655 1896 ut
678 1847 905 1911 rapidum
930 1847 1320 1910 deproperamus
1345 1845 1449 1894 iter.

283 2011 536 2060 Caeruleos
561 2020 758 2058 montes
782 2010 1026 2058 undarum
1052 2008 1341 2058 scandimus
1367 2025 1540 2071 usque,

350 2091 536 2140 Nubila
561 2101 611 2140 et
634 2092 849 2140 aetherea
871 2091 1108 2140 verrimus
1133 2090 1241 2153 ipsa
1265 2090 1344 2138 via
1364 2107 1377 2150 3

284 2171 417 2221 Dein
441 2171 600 2221 nitida
623 2172 730 2221 caeli
755 2172 972 2221 demissa
996 2181 1049 2221 ut
1075 2173 1218 2221 stella
1242 2173 1470 2230 fenestra,

353 2255 478 2302 Mox
502 2253 552 2302 in
577 2253 855 2317 praecipites
879 2253 1247 2317 praecipitamur
1271 2269 1438 2315 aquas.

284 2417 470 2464 Verum
495 2417 623 2465 adeo
647 2416 798 2465 validi
823 2416 970 2465 nobis
996 2432 1220 2465 mansere
1246 2417 1496 2473 rudentes,

353 2497 481 2544 Tam
505 2507 751 2560 conpacta
775 2497 864 2546 fuit
888 2497 1045 2546 vitrea
1068 2513 1215 2560 prora
1238 2496 1354 2545 ratis
1376 2516 1384 2545 :

291 2579 363 2627 Ut
387 2577 551 2640 capita
574 2579 818 2627 undarum
845 2595 999 2641 quum
1024 2595 1128 2627 non
1155 2594 1384 2641 superare
1411 2576 1579 2624 liceret

356 2661 596 2716 Rostrata
620 2659 810 2709 medias
835 2661 1206 2723 perfoderemus
1231 2677 1336 2708 acu.
