2028 3230
528 1094 853 1155 GREEK
908 1095 1306 1156 IAMBICS.

508 1300 580 1338 Καὶ
601 1299 702 1350 φημὶ
722 1299 930 1352 κᾶπόφημι
952 1301 1050 1340 κούκ
1071 1299 1155 1351 ἔχω
1175 1300 1218 1339 τί
1238 1303 1316 1351 φῶ.

274 1473 441 1525 ΧΑΤ.
481 1470 599 1540 ’Amy’
620 1472 711 1526 οὖν
744 1473 1054 1544 στράτευμα
1086 1473 1250 1541 τῆσδε
1284 1477 1376 1541 τῆς
1413 1475 1622 1545 φαύλης

344 1577 453 1608 απο

208 1635 421 1702 πόλεως,
451 1637 614 1710 ἔΎειρὲ
640 1637 686 1692 τ’
714 1639 766 1696 ἐς
790 1638 851 1692 τὸ
877 1638 1106 1692 κάλλιόν
1131 1662 1183 1693 τι
1208 1639 1351 1712 δρᾶν·

201 1723 315 1778 σοῖς
339 1719 443 1791 ’γὰρ
468 1720 685 1779 δικαίοις
710 1721 991 1794 δυσφορῶν
1008 1723 1247 1790 ”ΑὙ·-γλος
1271 1721 1453 1789 λό’γοις

200 1801 417 1860 στείλας
443 1803 555 1876 ἔχει
581 1809 702 1877 σφε·
740 1805 1058 1873 πνευμάτων
1083 1803 1124 1857 δ’
1153 1803 1240 1858 ὑπ’
1267 1805 1473 1866 ἀντίων,

198 1885 416 1955 ἔμιμνον
440 1887 512 1941 ὧν
538 1886 600 1954 δὴ
625 1892 856 1948 παῦλαν,
883 1888 1103 1960 εἴληφεν
1127 1887 1321 1961 χρόνον

199 1967 395 2041 σχεδόν
419 1980 475 2022 τι
497 1969 747 2025 θᾶσσον*
774 1970 1011 2040 ἐκφέρειν
1034 1970 1234 2044 λόχους
1260 1971 1402 2039 ἐμοῦ.

197 2052 287 2105 καὶ
313 2052 446 2124 πρὸς
470 2052 574 2106 τόδ’
602 2052 757 2114 ἄστυ,
786 2057 986 2125 κοῦφον
1012 2054 1200 2123 ἐξάρας
1226 2053 1380 2116 πόδα,

190 2126 430 2203 στρατὸν
454 2137 720 2207 κραταιὸν,
748 2135 941 2207 ἄνδρας
967 2135 1240 2209 εὐψύχους
1270 2134 1315 2190 τ’
1342 2135 1472 2205 ἄγει.

196 2218 369 2287 μήτηρ
394 2216 437 2270 δ’
463 2220 681 2273 ἄνασσα
706 2218 825 2292 τῷδ’
852 2219 981 2289 ὁμοῦ
1005 2218 1302 2291 πορεύεται,

199 2298 394 2358 νείκους
418 2299 625 2373 Ἐρινὺς
650 2302 740 2356 καὶ
766 2301 929 2372 φόνου
954 2302 1255 2375 πειστηρία·

198 2381 392 2449 ταύτης
417 2381 460 2436 δ’
486 2383 722 2452 ὅμαιμος,
750 2386 782 2452 ἡ
807 2383 857 2452 ’ξ
878 2383 1118 2455 Ἰβηρίας
1141 2387 1287 2454 ’γυνή’

197 2464 287 2519 καὶ
313 2469 404 2518 τοῦ
430 2466 675 2525 θανόντος
699 2467 972 2532 βασιλέως
998 2467 1293 2535 νοθηΎενὴς,

197 2547 378 2614 πάσης
403 2547 446 2601 δ’
473 2549 692 2620 ὅσοιπερ
718 2550 1082 2623 ἐκπεφύκασιν
1105 2550 1296 2623 χθονὸς

197 2631 411 2702 τρόποις
437 2631 803 2702 ἀνιδρύτοισιν,
833 2631 961 2687 ὥστ’
991 2634 1114 2706 ἐρᾶν
1139 2635 1362 2698 πλάνης,

662 2803 685 2828 *
717 2803 780 2842 Cf.
802 2804 900 2842 Eur.
923 2804 1029 2843 Hec.
1053 2813 1142 2855 701.

856 2883 887 2915 T
925 2884 949 2914 2
