2028 3230
774 231 1066 267 coLUMBUS.
1534 231 1630 283 435

211 353 397 412 Insula,
423 369 583 402 mersa
606 352 742 413 mari,
769 353 889 402 dum
915 362 1066 415 ternae
1091 353 1180 402 rite
1204 353 1383 402 carinae

212 434 470 484 Labuntur
492 435 699 483 delubra
722 451 869 498 super
893 443 1145 497 turresque
1171 435 1463 498 domosque,

206 516 506 579 Ancoraque
531 515 733 566 incurvo
759 516 936 580 premit
960 534 1108 566 aurea
1132 517 1349 565 culmina
1372 527 1544 577 rostro,

208 595 336 645 Solis
362 606 412 646 et
435 613 665 646 occasum
681 599 709 629 ’¹¹‘
733 607 907 647 cantus
933 608 1194 661 ortumque
1219 600 1432 648 salutant

212 678 511 728 Memnonio
535 679 640 728 ritu.
717 682 806 738 Me
831 697 933 729 non
959 680 1127 744 ignara
1153 680 1331 730 carinae

210 761 450 822 AEquora,
477 761 692 824 torpenti
717 778 819 810 non
844 770 1018 825 stagna
1042 749 1263 810 natantia
1287 763 1413 821 fuco,

212 841 373 896 Non†
396 843 550 890 Arcto
576 841 755 891 infidus
780 842 919 905 lapis,
948 843 1212 891 insanusve
1236 843 1469 891 movebat

212 919 261 969 N
265 931 487 971 antarum
511 924 834 972 furor—heu!
874 925 1068 972 turbata
1092 923 1241 972 dirior
1264 925 1412 984 unda,

216 1002 383 1053 Dirior
406 1013 455 1053 et
481 1007 651 1064 Borea,
680 1015 730 1054 et
753 1005 938 1054 caelesti
963 1005 1179 1054 fulminis
1204 1005 1317 1064 ictu,

210 1084 429 1135 Seditioz
466 1086 696 1149 quotiens
723 1086 841 1134 mihi
865 1103 997 1135 mors
1022 1087 1250 1147 instabat,
1280 1097 1329 1135 et
1352 1103 1532 1150 aegrum

215 1165 406 1215 Ridens
432 1176 666 1216 terrorem
691 1168 936 1231 quotiens,
966 1172 977 1194 ‘
997 1171 1185 1232 Ignava
1209 1178 1404 1217 caterva
1424 1171 1453 1229 ζ’

213 1249 453 1309 Clamavi‚
484 1253 495 1275 ‘
512 1249 690 1312 quibus
715 1251 872 1299 almus
897 1267 1024 1314 ager,
1053 1268 1155 1299 non
1180 1267 1362 1313 aequor,
1389 1252 1601 1299 arandus
1623 1270 1634 1309 ;

214 1331 349 1379 Grex
373 1330 567 1391 quibuS‚
594 1340 644 1380 et
668 1333 843 1380 molles
871 1334 1026 1381 Lunae
1050 1333 1140 1380 sub
1163 1333 1272 1381 luce
1298 1332 1492 1381 choreae

216 1412 536 1461 Conveniunt
558 1413 585 1459 3’
657 1412 795 1474 Quin
820 1413 925 1476 ipse
951 1415 1096 1476 polus
1122 1430 1201 1462 me
1226 1413 1354 1472 lusit,
1382 1423 1430 1462 et
1455 1413 1561 1476 ipsa

216 1494 466 1542 Tellurem
492 1495 650 1542 nubes
675 1493 921 1543 simulavit
947 1495 1454 1543 subdola—Frustra!

218 1575 370 1624 Unde
395 1591 484 1638 per
506 1591 764 1637 aequoreos
790 1577 978 1637 ferturss
1005 1577 1138 1624 frons
1163 1593 1311 1624 aurea
1335 1577 1550 1624 fluctus?

217 1657 370 1705 Unde
394 1657 522 1705 odor
545 1666 593 1705 et
617 1657 801 1705 fructus
827 1656 968 1704 nitidi
994 1666 1248 1719 craterque
1273 1661 1541 1707 coruscus?

214 1739 377 1810 Iverpt
402 1737 672 1801 attonitas§
705 1742 716 1763 ‘
733 1739 890 1798 Salve,
918 1739 1111 1801 regina’
1137 1756 1225 1802 per
1249 1741 1421 1799 undas,

215 1820 384 1880 Quum
410 1819 574 1868 subito
600 1829 807 1868 tremere
833 1829 882 1869 et
907 1821 1016 1869 luce
1043 1822 1274 1884 effulgere
1299 1821 1494 1870 rubenti

215 1900 538 1950 Scintilla—o
563 1910 703 1950 terrae
729 1901 922 1964 signum
948 1903 1095 1950 fatale
1122 1902 1443 1965 propinquae!

217 1983 423 2031 Postera
446 1983 530 2031 lux
555 1982 734 2043 oritur3
771 1983 906 2032 silvae
932 1984 1187 2046 collesque
1213 1984 1390 2047 supini,

213 2065 378 2113 Arbor
400 2074 450 2113 et
468 2063 665 2128 ignotos
691 2064 984 2113 submittens
1010 2064 1218 2127 plurima
1242 2066 1403 2126 foetus,

218 2144 484 2209 Litoraque
508 2162 751 2209 aequorea,
782 2155 844 2205 et,
872 2147 1098 2209 Zephyro
1123 2156 1362 2195 contenta
1385 2149 1582 2207 colono,

215 2227 362 2287 Arva,
389 2226 474 2276 ubi
498 2227 762 2276 fulmineos
788 2227 964 2276 direxit
989 2229 1192 2291 parvula
1215 2245 1383 2277 cursus

274 2447 300 2474 ’ὓ
329 2447 421 2486 The
451 2447 580 2486 matin
608 2448 691 2487 and
713 2462 858 2501 vesper
888 2449 1038 2501 hymns
1068 2463 1174 2489 were
1205 2463 1309 2501 sung
1341 2449 1531 2500 morning
1560 2449 1639 2487 :ntd

216 2513 393 2565 evening
412 2513 467 2564 by
485 2512 555 2552 the
573 2525 711 2552 crews.

271 2580 301 2624 †
329 2577 420 2617 The
439 2579 639 2616 variation
659 2578 706 2617 os
719 2578 788 2618 the
808 2589 1008 2632 compass.

274 2643 300 2694 χ
330 2643 370 2681 Α
390 2642 546 2681 branch
564 2641 612 2680 of
635 2641 744 2681 fresh
763 2643 916 2683 berries
935 2644 1019 2683 and
1039 2658 1063 2683 a
1092 2644 1241 2683 carved
1264 2656 1344 2694 cup
1368 2642 1518 2683 floated
1550 2650 1638 2695 past

218 2708 333 2748 them
353 2720 407 2747 on
427 2707 497 2746 the
517 2707 694 2758 evening
713 2707 854 2747 before
874 2709 944 2749 the
964 2709 1179 2759 discovery
1200 2708 1247 2747 of
1263 2708 1371 2747 land.

277 2772 298 2823 §
329 2771 420 2810 The
441 2771 600 2823 Vesper
622 2771 777 2823 Hyrnn.

1292 2856 1318 2887 F
1354 2841 1377 2887 f
