<?xml version="1.0" encoding="UTF-8"?>
<!DOCTYPE html PUBLIC "-//W3C//DTD XHTML 1.0 Transitional//EN"
    "http://www.w3.org/TR/xhtml1/DTD/xhtml1-transitional.dtd">
<html xmlns="http://www.w3.org/1999/xhtml" xml:lang="en" lang="en">
 <head>
  <title>
</title>
<meta http-equiv="Content-Type" content="text/html;charset=utf-8" />
  <meta name='ocr-system' content='tesseract 3.04.00' />
  <meta name='ocr-capabilities' content='ocr_page ocr_carea ocr_par ocr_line ocrx_word'/>
</head>
<body>
  <div class='ocr_page' id='page_1' title='image "./flosculicheltoni00jerruoft_0171.png"; bbox 0 0 2028 3230; ppageno 0'>
   <div class='ocr_carea' id='block_1_1' title="bbox 747 226 1682 274">
    <p class='ocr_par' dir='ltr' id='par_1_1' title="bbox 747 226 1682 274">
     <span class='ocr_line' id='line_1_1' title="bbox 747 226 1682 274; baseline -0.002 -12"><span class='ocrx_word' id='word_1_1' title='bbox 747 226 927 262; x_wconf 86' lang='lat' dir='ltr'>GREEK</span> <span class='ocrx_word' id='word_1_2' title='bbox 965 226 1195 260; x_wconf 86' lang='lat' dir='ltr'>IAMBICS.</span> <span class='ocrx_word' id='word_1_3' title='bbox 1594 228 1682 274; x_wconf 77' lang='lat'>143</span> 
     </span>
    </p>
   </div>
   <div class='ocr_carea' id='block_1_2' title="bbox 259 345 1534 1918">
    <p class='ocr_par' dir='ltr' id='par_1_2' title="bbox 260 345 1330 500">
     <span class='ocr_line' id='line_1_2' title="bbox 260 345 1312 420; baseline -0.005 -18"><span class='ocrx_word' id='word_1_4' title='bbox 260 345 418 416; x_wconf 83' lang='grc' dir='ltr'><em>ὦναξ,</em></span> <span class='ocrx_word' id='word_1_5' title='bbox 445 345 672 420; x_wconf 74' lang='grc' dir='ltr'>προνοίᾳ</span> <span class='ocrx_word' id='word_1_6' title='bbox 695 349 988 416; x_wconf 81' lang='grc' dir='ltr'>προσκυνεῖ</span> <span class='ocrx_word' id='word_1_7' title='bbox 1010 345 1312 417; x_wconf 85' lang='grc' dir='ltr'>φιλόφρονι·</span> 
     </span>
     <span class='ocr_line' id='line_1_3' title="bbox 261 428 1330 500; baseline -0.004 -15"><span class='ocrx_word' id='word_1_8' title='bbox 261 430 476 496; x_wconf 84' lang='grc' dir='ltr'>τύμβον</span> <span class='ocrx_word' id='word_1_9' title='bbox 500 428 544 483; x_wconf 83' lang='grc' dir='ltr'>τ’</span> <span class='ocrx_word' id='word_1_10' title='bbox 573 430 780 500; x_wconf 84' lang='grc' dir='ltr'>ἔνορκος</span> <span class='ocrx_word' id='word_1_11' title='bbox 805 429 981 497; x_wconf 84' lang='grc' dir='ltr'>τίμιον</span> <span class='ocrx_word' id='word_1_12' title='bbox 1004 430 1330 499; x_wconf 76' lang='grc' dir='ltr'>μαρτύρεται</span> 
     </span>
    </p>

    <p class='ocr_par' dir='ltr' id='par_1_3' title="bbox 259 509 1471 912">
     <span class='ocr_line' id='line_1_4' title="bbox 259 509 1471 585; baseline -0.003 -17"><span class='ocrx_word' id='word_1_13' title='bbox 259 514 318 573; x_wconf 84' lang='grc' dir='ltr'>ὅς</span> <span class='ocrx_word' id='word_1_14' title='bbox 343 536 432 568; x_wconf 91' lang='grc' dir='ltr'>σοι</span> <span class='ocrx_word' id='word_1_15' title='bbox 457 513 518 569; x_wconf 84' lang='grc' dir='ltr'>τὸ</span> <span class='ocrx_word' id='word_1_16' title='bbox 543 512 751 568; x_wconf 81' lang='grc' dir='ltr'>κλεινὸν</span> <span class='ocrx_word' id='word_1_17' title='bbox 777 512 1012 585; x_wconf 82' lang='grc' dir='ltr'>ἀμπέχει</span> <span class='ocrx_word' id='word_1_18' title='bbox 1036 511 1272 565; x_wconf 81' lang='grc' dir='ltr'>πάππου</span> <span class='ocrx_word' id='word_1_19' title='bbox 1298 509 1471 579; x_wconf 83' lang='grc' dir='ltr'>δέμας,</span> 
     </span>
     <span class='ocr_line' id='line_1_5' title="bbox 266 594 1376 667; baseline -0.005 -15"><span class='ocrx_word' id='word_1_20' title='bbox 266 595 441 667; x_wconf 67' lang='grc' dir='ltr'>ζεῦγός</span> <span class='ocrx_word' id='word_1_21' title='bbox 467 619 525 650; x_wconf 87' lang='grc' dir='ltr'>τε</span> <span class='ocrx_word' id='word_1_22' title='bbox 550 597 776 650; x_wconf 82' lang='grc' dir='ltr'>διπλοῦν</span> <span class='ocrx_word' id='word_1_23' title='bbox 802 594 1025 661; x_wconf 79' lang='grc' dir='ltr'>αἵματος</span> <span class='ocrx_word' id='word_1_24' title='bbox 1050 597 1376 666; x_wconf 82' lang='grc' dir='ltr'>τυραννικοῦ,</span> 
     </span>
     <span class='ocr_line' id='line_1_6' title="bbox 267 677 1270 753; baseline -0.005 -18"><span class='ocrx_word' id='word_1_25' title='bbox 267 680 394 750; x_wconf 76' lang='grc' dir='ltr'>(δύω</span> <span class='ocrx_word' id='word_1_26' title='bbox 419 680 598 753; x_wconf 84' lang='grc' dir='ltr'>ῥέοντε</span> <span class='ocrx_word' id='word_1_27' title='bbox 625 677 812 748; x_wconf 77' lang='grc' dir='ltr'>νάματ’</span> <span class='ocrx_word' id='word_1_28' title='bbox 843 681 901 733; x_wconf 90' lang='grc' dir='ltr'>ἐκ</span> <span class='ocrx_word' id='word_1_29' title='bbox 927 682 1102 745; x_wconf 62' lang='grc' dir='ltr'>πηγῆς</span> <span class='ocrx_word' id='word_1_30' title='bbox 1125 678 1270 748; x_wconf 85' lang='grc' dir='ltr'>μιᾶς)</span> 
     </span>
     <span class='ocr_line' id='line_1_7' title="bbox 263 758 1448 835; baseline -0.005 -17"><span class='ocrx_word' id='word_1_31' title='bbox 263 766 501 818; x_wconf 87' lang='grc' dir='ltr'>Γαυντοῦ</span> <span class='ocrx_word' id='word_1_32' title='bbox 525 761 571 817; x_wconf 82' lang='grc' dir='ltr'>τ’</span> <span class='ocrx_word' id='word_1_33' title='bbox 599 762 822 834; x_wconf 82' lang='grc' dir='ltr'>ἀρίστου</span> <span class='ocrx_word' id='word_1_34' title='bbox 846 765 1002 835; x_wconf 83' lang='grc' dir='ltr'>χεῖρα</span> <span class='ocrx_word' id='word_1_35' title='bbox 1027 762 1122 826; x_wconf 85' lang='grc' dir='ltr'>τὴν</span> <span class='ocrx_word' id='word_1_36' title='bbox 1149 760 1253 813; x_wconf 84' lang='grc' dir='ltr'>ὑπὸ</span> <span class='ocrx_word' id='word_1_37' title='bbox 1278 758 1448 832; x_wconf 82' lang='grc' dir='ltr'>χθονὶ,</span> 
     </span>
     <span class='ocr_line' id='line_1_8' title="bbox 262 841 1320 912; baseline -0.004 -13"><span class='ocrx_word' id='word_1_38' title='bbox 262 846 420 912; x_wconf 86' lang='grc' dir='ltr'>τιμάς</span> <span class='ocrx_word' id='word_1_39' title='bbox 446 843 493 899; x_wconf 83' lang='grc' dir='ltr'>θ’</span> <span class='ocrx_word' id='word_1_40' title='bbox 522 845 709 899; x_wconf 82' lang='grc' dir='ltr'>ἑαυτοῦ</span> <span class='ocrx_word' id='word_1_41' title='bbox 734 845 978 912; x_wconf 82' lang='grc' dir='ltr'>κάξίωμα</span> <span class='ocrx_word' id='word_1_42' title='bbox 1004 841 1320 907; x_wconf 80' lang='grc' dir='ltr'>συλλαβὼν,</span> 
     </span>
    </p>

    <p class='ocr_par' dir='ltr' id='par_1_4' title="bbox 263 925 1534 1416">
     <span class='ocr_line' id='line_1_9' title="bbox 264 925 1424 996; baseline -0.004 -13"><span class='ocrx_word' id='word_1_43' title='bbox 264 930 355 984; x_wconf 85' lang='grc' dir='ltr'>καὶ</span> <span class='ocrx_word' id='word_1_44' title='bbox 379 927 539 983; x_wconf 86' lang='grc' dir='ltr'>πάνθ’</span> <span class='ocrx_word' id='word_1_45' title='bbox 566 927 648 981; x_wconf 83' lang='grc' dir='ltr'>ὅσ’</span> <span class='ocrx_word' id='word_1_46' title='bbox 676 928 844 982; x_wconf 84' lang='grc' dir='ltr'>εἰπεῖν</span> <span class='ocrx_word' id='word_1_47' title='bbox 867 927 901 995; x_wconf 81' lang='grc' dir='ltr'><em>ἢ</em></span> <span class='ocrx_word' id='word_1_48' title='bbox 929 926 1188 993; x_wconf 85' lang='grc' dir='ltr'>διομνύειν</span> <span class='ocrx_word' id='word_1_49' title='bbox 1214 925 1424 996; x_wconf 84' lang='grc' dir='ltr'>πρέπει,</span> 
     </span>
     <span class='ocr_line' id='line_1_10' title="bbox 265 1007 1478 1082; baseline -0.004 -16"><span class='ocrx_word' id='word_1_50' title='bbox 265 1014 334 1069; x_wconf 83' lang='grc' dir='ltr'>ὡς</span> <span class='ocrx_word' id='word_1_51' title='bbox 359 1011 525 1082; x_wconf 85' lang='grc' dir='ltr'>ἦλθεν</span> <span class='ocrx_word' id='word_1_52' title='bbox 549 1013 610 1066; x_wconf 84' lang='grc' dir='ltr'>οὐ</span> <span class='ocrx_word' id='word_1_53' title='bbox 636 1011 848 1082; x_wconf 81' lang='grc' dir='ltr'>δράσων</span> <span class='ocrx_word' id='word_1_54' title='bbox 873 1034 940 1072; x_wconf 89' lang='grc' dir='ltr'>τι,</span> <span class='ocrx_word' id='word_1_55' title='bbox 967 1013 1215 1080; x_wconf 81' lang='grc' dir='ltr'>λιπαρῶν</span> <span class='ocrx_word' id='word_1_56' title='bbox 1240 1007 1283 1061; x_wconf 73' lang='grc' dir='ltr'>δ’</span> <span class='ocrx_word' id='word_1_57' title='bbox 1311 1008 1346 1062; x_wconf 78' lang='grc' dir='ltr'><strong><em>ἃ</em></strong></span> <span class='ocrx_word' id='word_1_58' title='bbox 1371 1007 1478 1082; x_wconf 80' lang='grc' dir='ltr'>χρὴ</span> 
     </span>
     <span class='ocr_line' id='line_1_11' title="bbox 263 1092 1375 1168; baseline -0.004 -18"><span class='ocrx_word' id='word_1_59' title='bbox 263 1097 443 1165; x_wconf 64' lang='grc' dir='ltr'>’γένους</span> <span class='ocrx_word' id='word_1_60' title='bbox 469 1094 583 1150; x_wconf 89' lang='grc' dir='ltr'>κατ’</span> <span class='ocrx_word' id='word_1_61' title='bbox 612 1095 901 1168; x_wconf 64' lang='grc' dir='ltr'>ἀγχιστεῖα</span> <span class='ocrx_word' id='word_1_62' title='bbox 926 1093 1192 1151; x_wconf 75' lang='grc' dir='ltr'>πανδίκως</span> <span class='ocrx_word' id='word_1_63' title='bbox 1218 1092 1375 1165; x_wconf 81' lang='grc' dir='ltr'>ἔχειν·</span> 
     </span>
     <span class='ocr_line' id='line_1_12' title="bbox 266 1174 1373 1247; baseline -0.004 -14"><span class='ocrx_word' id='word_1_64' title='bbox 266 1179 356 1233; x_wconf 90' lang='grc' dir='ltr'>καὶ</span> <span class='ocrx_word' id='word_1_65' title='bbox 381 1177 557 1242; x_wconf 75' lang='grc' dir='ltr'>τᾶλλ’,</span> <span class='ocrx_word' id='word_1_66' title='bbox 587 1178 831 1247; x_wconf 86' lang='grc' dir='ltr'>ὅσωνπερ</span> <span class='ocrx_word' id='word_1_67' title='bbox 859 1175 1008 1230; x_wconf 86' lang='grc' dir='ltr'>ἐστὶν</span> <span class='ocrx_word' id='word_1_68' title='bbox 1033 1176 1219 1242; x_wconf 83' lang='grc' dir='ltr'>ἐνδεὴς,</span> <span class='ocrx_word' id='word_1_69' title='bbox 1244 1174 1373 1245; x_wconf 63' lang='grc' dir='ltr'>«γόνυ</span> 
     </span>
     <span class='ocr_line' id='line_1_13' title="bbox 267 1258 1534 1330; baseline 0.001 -16"><span class='ocrx_word' id='word_1_70' title='bbox 267 1264 542 1327; x_wconf 81' lang='grc' dir='ltr'>κάμπτων,</span> <span class='ocrx_word' id='word_1_71' title='bbox 569 1264 746 1318; x_wconf 81' lang='grc' dir='ltr'>λιταῖς</span> <span class='ocrx_word' id='word_1_72' title='bbox 770 1283 828 1314; x_wconf 86' lang='grc' dir='ltr'>τε</span> <span class='ocrx_word' id='word_1_73' title='bbox 852 1263 1184 1330; x_wconf 76' lang='grc' dir='ltr'>προσκυνῶν,</span> <span class='ocrx_word' id='word_1_74' title='bbox 1213 1258 1534 1327; x_wconf 76' lang='grc' dir='ltr'>αἰτούμενος·</span> 
     </span>
     <span class='ocr_line' id='line_1_14' title="bbox 267 1342 1284 1416; baseline -0.001 -17"><span class='ocrx_word' id='word_1_75' title='bbox 267 1345 303 1398; x_wconf 79' lang='grc' dir='ltr'>ἃ</span> <span class='ocrx_word' id='word_1_76' title='bbox 329 1344 438 1413; x_wconf 82' lang='grc' dir='ltr'>δῆτ’</span> <span class='ocrx_word' id='word_1_77' title='bbox 466 1345 676 1414; x_wconf 82' lang='grc' dir='ltr'>ἔνορκος</span> <span class='ocrx_word' id='word_1_78' title='bbox 702 1343 749 1396; x_wconf 86' lang='grc' dir='ltr'>εἰ</span> <span class='ocrx_word' id='word_1_79' title='bbox 771 1343 1088 1416; x_wconf 82' lang='grc' dir='ltr'>χαρίζεσθαι</span> <span class='ocrx_word' id='word_1_80' title='bbox 1116 1342 1284 1398; x_wconf 74' lang='grc' dir='ltr'>θέλεις</span> 
     </span>
    </p>

    <p class='ocr_par' dir='ltr' id='par_1_5' title="bbox 267 1424 1484 1918">
     <span class='ocr_line' id='line_1_15' title="bbox 267 1424 1331 1497; baseline -0.005 -15"><span class='ocrx_word' id='word_1_81' title='bbox 267 1427 366 1495; x_wconf 83' lang='grc' dir='ltr'>ἤδη</span> <span class='ocrx_word' id='word_1_82' title='bbox 391 1427 460 1482; x_wconf 80' lang='grc' dir='ltr'>τὰ</span> <span class='ocrx_word' id='word_1_83' title='bbox 484 1426 712 1497; x_wconf 86' lang='grc' dir='ltr'>λαμπρὰ</span> <span class='ocrx_word' id='word_1_84' title='bbox 739 1426 976 1496; x_wconf 80' lang='grc' dir='ltr'>διαβόρῳ</span> <span class='ocrx_word' id='word_1_85' title='bbox 1004 1424 1166 1492; x_wconf 80' lang='grc' dir='ltr'>σκεύη</span> <span class='ocrx_word' id='word_1_86' title='bbox 1191 1426 1331 1495; x_wconf 83' lang='grc' dir='ltr'>πίνῳ</span> 
     </span>
     <span class='ocr_line' id='line_1_16' title="bbox 271 1506 1484 1585; baseline -0.003 -21"><span class='ocrx_word' id='word_1_87' title='bbox 271 1511 468 1568; x_wconf 81' lang='grc' dir='ltr'>ἵππους</span> <span class='ocrx_word' id='word_1_88' title='bbox 492 1508 889 1585; x_wconf 77' lang='grc' dir='ltr'>χαλινωθέντας</span> <span class='ocrx_word' id='word_1_89' title='bbox 915 1509 1199 1580; x_wconf 77' lang='grc' dir='ltr'>ἐπιτρέψει</span> <span class='ocrx_word' id='word_1_90' title='bbox 1225 1506 1484 1573; x_wconf 84' lang='grc' dir='ltr'>σταθμοῖς</span> 
     </span>
     <span class='ocr_line' id='line_1_17' title="bbox 270 1589 1396 1663; baseline -0.004 -16"><span class='ocrx_word' id='word_1_91' title='bbox 270 1594 359 1648; x_wconf 84' lang='grc' dir='ltr'>καὶ</span> <span class='ocrx_word' id='word_1_92' title='bbox 384 1595 597 1652; x_wconf 74' lang='grc' dir='ltr'>πιστὸν,</span> <span class='ocrx_word' id='word_1_93' title='bbox 626 1591 781 1660; x_wconf 79' lang='grc' dir='ltr'>ὦναξ,</span> <span class='ocrx_word' id='word_1_94' title='bbox 813 1595 911 1661; x_wconf 87' lang='grc' dir='ltr'>κῆρ</span> <span class='ocrx_word' id='word_1_95' title='bbox 938 1590 1202 1663; x_wconf 62' lang='grc' dir='ltr'>ὑπουργία</span> <span class='ocrx_word' id='word_1_96' title='bbox 1227 1589 1396 1643; x_wconf 88' lang='grc' dir='ltr'>σέθεν.</span> 
     </span>
     <span class='ocr_line' id='line_1_18' title="bbox 272 1674 1474 1750; baseline -0.006 -16"><span class='ocrx_word' id='word_1_97' title='bbox 272 1680 404 1734; x_wconf 84' lang='grc' dir='ltr'>εἶναι</span> <span class='ocrx_word' id='word_1_98' title='bbox 429 1678 600 1743; x_wconf 75' lang='grc' dir='ltr'>δίκαι’,</span> <span class='ocrx_word' id='word_1_99' title='bbox 630 1680 823 1745; x_wconf 83' lang='grc' dir='ltr'>ὄμνυσι</span> <span class='ocrx_word' id='word_1_100' title='bbox 849 1679 982 1750; x_wconf 85' lang='grc' dir='ltr'>πρὸς</span> <span class='ocrx_word' id='word_1_101' title='bbox 1009 1678 1303 1747; x_wconf 83' lang='grc' dir='ltr'>σκήπτρου,</span> <span class='ocrx_word' id='word_1_102' title='bbox 1333 1674 1474 1738; x_wconf 83' lang='grc' dir='ltr'>τάδε,</span> 
     </span>
     <span class='ocr_line' id='line_1_19' title="bbox 271 1759 1469 1832; baseline -0.005 -16"><span class='ocrx_word' id='word_1_103' title='bbox 271 1765 464 1832; x_wconf 87' lang='grc' dir='ltr'>ὄμνυμι</span> <span class='ocrx_word' id='word_1_104' title='bbox 491 1761 532 1815; x_wconf 85' lang='grc' dir='ltr'>δ’</span> <span class='ocrx_word' id='word_1_105' title='bbox 560 1761 732 1824; x_wconf 76' lang='grc' dir='ltr'>αὐτὸς,</span> <span class='ocrx_word' id='word_1_106' title='bbox 761 1759 921 1816; x_wconf 86' lang='grc' dir='ltr'>πάνθ’</span> <span class='ocrx_word' id='word_1_107' title='bbox 949 1762 1030 1814; x_wconf 78' lang='grc' dir='ltr'>ὅσ’</span> <span class='ocrx_word' id='word_1_108' title='bbox 1059 1760 1283 1830; x_wconf 77' lang='grc' dir='ltr'>εὐόρκως</span> <span class='ocrx_word' id='word_1_109' title='bbox 1307 1759 1469 1826; x_wconf 72' lang='grc' dir='ltr'>λὲὙει,</span> 
     </span>
     <span class='ocr_line' id='line_1_20' title="bbox 272 1842 1464 1918; baseline -0.007 -16"><span class='ocrx_word' id='word_1_110' title='bbox 272 1846 407 1917; x_wconf 86' lang='grc' dir='ltr'>πρὸς</span> <span class='ocrx_word' id='word_1_111' title='bbox 432 1845 582 1900; x_wconf 84' lang='grc' dir='ltr'>τοῦδε</span> <span class='ocrx_word' id='word_1_112' title='bbox 608 1847 799 1918; x_wconf 87' lang='grc' dir='ltr'>κρατὸς</span> <span class='ocrx_word' id='word_1_113' title='bbox 825 1846 1074 1913; x_wconf 64' lang='grc' dir='ltr'>εὐγενοῦς,</span> <span class='ocrx_word' id='word_1_114' title='bbox 1104 1844 1171 1901; x_wconf 85' lang='grc' dir='ltr'>ὡς</span> <span class='ocrx_word' id='word_1_115' title='bbox 1196 1842 1464 1911; x_wconf 86' lang='grc' dir='ltr'>πείθομαι.</span> 
     </span>
    </p>
   </div>
   <div class='ocr_carea' id='block_1_3' title="bbox 1191 2009 1608 2073">
    <p class='ocr_par' dir='ltr' id='par_1_6' title="bbox 1191 2009 1608 2073">
     <span class='ocr_line' id='line_1_21' title="bbox 1191 2009 1608 2073; baseline -0.007 -15"><span class='ocrx_word' id='word_1_116' title='bbox 1191 2012 1249 2058; x_wconf 90' lang='grc' dir='ltr'>Α.</span> <span class='ocrx_word' id='word_1_117' title='bbox 1282 2011 1342 2057; x_wconf 89' lang='lat' dir='ltr'>D.</span> <span class='ocrx_word' id='word_1_118' title='bbox 1374 2010 1451 2069; x_wconf 68' lang='lat' dir='ltr'>G„</span> <span class='ocrx_word' id='word_1_119' title='bbox 1491 2009 1608 2073; x_wconf 79' lang='lat'>¹853</span> 
     </span>
    </p>
   </div>
  </div>
 </body>
</html>
