2028 3230
728 236 909 271 GREEK
945 236 1174 272 IAMBICS.
1574 242 1632 290 19
1644 245 1660 275 1

314 355 462 409 ΙΟΤ.
502 353 649 409 Ποία
673 353 853 408 θύελλ’
879 354 966 408 ὧδ’
991 355 1278 412 ἀντίπνουν
1304 355 1415 431 ἔχει
1441 359 1603 430 φάτιν
1622 385 1639 422 ;

242 435 526 500 Τύβαλτος
551 435 633 509 ἆρ’
658 438 833 492 ὄλωλε
855 437 1100 506 Ῥωμέων
1126 438 1172 492 θ’
1199 440 1326 509 ἅμα,

240 521 365 589 ἡμῖν
390 519 550 590 φίλον
574 519 822 590 κήδευμα,
849 521 1100 594 φίλτερός
1125 520 1171 576 τ’
1194 522 1325 595 ἀνήρ
1345 547 1363 586 ‚-

241 602 374 672 πρὸς
398 606 567 658 ταῦτα
592 602 841 672 σάλπιγξ
862 607 1033 658 πᾶσιν
1059 604 1420 678 ἐμφοβωτάτη

241 685 531 756 πάγκοινον
555 686 887 756 ἀνθρώποισι
913 687 1141 760 φαινέτω
1165 689 1343 759 μόρον.

242 769 321 828 τίς
344 769 448 842 γὰρ
471 771 686 842 βροτῶν
710 768 781 825 ἔτ’
808 770 941 836 ἔστι,
969 769 1127 826 τοῖνδ’
1153 771 1446 845 ὀλωλότοιν
1465 797 1482 835 ;

314 936 478 989 ΤΡΟ.
516 934 586 989 ‘O
621 936 718 1005 μὲν
747 935 918 990 θανών
950 958 1011 1004 γε
1045 936 1284 1010 φροῦδος,
1322 937 1350 992 ὁ
1391 937 1447 991 δὲ
1487 938 1667 1009 φεύγει

385 1018 571 1091 χθόνα,

243 1101 334 1156 τὸν
356 1100 652 1171 Ῥωμεῶνα,
678 1102 770 1156 τὸν
794 1106 1148 1171 παλαμναῖον,
1177 1102 1334 1172 λέγω.

317 1268 464 1322 ΙΟΤ.
495 1266 574 1322 ’H
602 1267 750 1322 τόνδε
774 1269 906 1340 πρὸς
933 1267 1065 1324 θεῶν
1083 1268 1330 1336 Ῥωμέων
1355 1269 1548 1324 ἔκτεινε
1573 1270 1635 1338 δή
1649 1296 1667 1334 ;

316 1434 480 1488 ΤΡΟ.
512 1432 799 1495 ’Έκτεινεν,
817 1431 1014 1495 ἔκτειν’,
1042 1433 1083 1488 ὦ
1109 1432 1317 1490 τάλαιν’
1336 1435 1461 1504 ἐμῆς
1487 1437 1668 1510 τύχης.

318 1601 466 1654 ΙΟΤ.
494 1597 574 1652 Ὠ
600 1598 820 1665 ποικίλη
847 1599 1001 1672 φρὴν,
1029 1600 1097 1662 ὡς
1123 1600 1300 1674 ἔχιδν’,
1329 1603 1628 1672 ἐσταλμένη

244 1685 395 1755 καλῷ
417 1682 710 1754 προσώπῳ·
747 1686 854 1737 ποῦ
877 1682 981 1755 γὰρ
1007 1682 1093 1736 ὧδ’
1120 1684 1416 1753 ἠσκημένον

245 1766 409 1834 σηκὸν
433 1765 639 1839 δράκων
665 1765 929 1839 κατέσχεν
954 1766 1207 1838 οἰκουρῶν
1231 1790 1363 1822 ποτε
1382 1793 1399 1832 ;

245 1849 288 1904 ὦ
313 1849 414 1904 θεῖ’
440 1849 701 1923 ἀλαστὸρ,
729 1849 1069 1922 καλλίμορφε
1093 1851 1317 1918 λυμεὼν,

245 1933 412 2004 κόραξ
433 1932 671 1991 πελείαις
695 1932 880 2000 ἠπίαις
905 1932 1214 2003 ὁμόπτερος,

244 2017 472 2083 λυκηδὸν
496 2015 659 2086 ἀμνὸς
683 2015 931 2087 ἁρπαγὰς
956 2016 1280 2085 ποιούμενος·

245 2098 288 2153 ὦ
312 2103 503 2174 σχῆμα
526 2100 623 2168 μὲν
649 2098 876 2170 θέορτον,
904 2100 973 2157 ὡς
999 2098 1092 2153 ἀπ’
1121 2098 1389 2168 ὀμμάτων,

247 2182 383 2254 ἔργῳ
408 2181 450 2235 δ’
478 2181 756 2244 ἄπευκτον,
786 2181 998 2240 ἐνδίκως
1024 2182 1261 2236 ἐναντίον

247 2265 392 2339 ᾧπερ
418 2265 631 2324 δικαίως
656 2265 1049 2337 ἐμφερέστατος
1080 2266 1314 2337 πρέπεις·

249 2347 363 2407 θεὸς
389 2347 664 2415 θεομυσὴς,
692 2348 1044 2421 αἰσχροποιὸς
1069 2350 1158 2414 ὢν,
1187 2349 1367 2414 καλὸς,

249 2430 425 2504 φύσις,
451 2431 509 2485 τί
530 2429 638 2498 δῆτ’
666 2431 935 2502 ἔπρασσες
961 2431 1015 2484 ἐν
1039 2435 1147 2490 τοῖς
1173 2433 1431 2505 νερτέροις

250 2514 497 2586 φρόνημα
522 2513 884 2582 συγκλείουσα
910 2512 1155 2581 δαίμονος
1181 2519 1345 2570 κακοῦ

250 2596 414 2668 φιλης
437 2596 684 2666 βροτείας
710 2595 908 2666 σαρκὸς
933 2597 989 2650 ἐν
1013 2602 1372 2671 περιπτυχαῖς
1395 2624 1410 2661 ,-

249 2681 284 2748 ἦ
307 2679 412 2752 γάρ
437 2677 558 2733 ποτ’
586 2677 758 2750 αἴσχη
783 2677 957 2745 τήλικ’
984 2679 1381 2751 ἐγγεγραμμένη

251 2762 454 2832 τᾶξωθε
481 2760 664 2820 δέλτος
689 2759 778 2815 ὧδ’
805 2759 1091 2829 ἐποικίλθη
1118 2766 1294 2821 καλῶς
1314 2787 1332 2825 ,·
