2028 3230
776 279 1068 314 1PH1GEN1A.
1534 279 1642 326 429v

218 399 372 451 Haud
396 401 548 451 invita
571 401 736 450 trahor
750 418 764 462 3
798 400 932 450 stetit
956 401 1063 450 haec
1088 399 1207 448 mihi
1232 408 1367 448 certa
1389 400 1629 447 voluntas.

216 486 446 547 Namque
471 492 558 532 tuo
582 482 721 546 potui
747 481 1048 531 circumdare
1072 480 1303 530 bracchia
1328 481 1475 539 collo,

214 564 425 629 Lugenti
449 563 620 613 similis
638 581 653 624 3
685 563 827 627 potui
851 563 1084 612 moritura
1107 561 1276 621 videri,

215 648 334 696 Heu
380 644 615 695 moritura
660 644 863 708 quidem
884 648 893 692 !
952 643 1317 706 lacrimansque
1367 658 1634 706 exposcere

349 727 588 776 vitam.—

214 811 344 868 Non,
374 808 415 857 si
438 807 654 857 Threicii
679 806 802 855 vatis
828 806 1152 856 blandissima
1177 814 1339 865 cantu,

213 891 434 939 Flectere
459 905 552 953 ego
576 905 775 952 possem
801 889 1046 951 scopulos,
1074 887 1320 950 silvasque
1353 895 1631 949 sequentes,

212 969 526 1034 Supplicibus
549 985 781 1032 cuperem
805 968 957 1018 vitare
981 969 1090 1017 haec
1114 969 1284 1017 funera
1306 967 1481 1016 verbis.
1503 1028 1506 1031 Ι

213 1053 366 1114 Troja
389 1050 520 1100 subit
543 1059 775 1111 mentem,
803 1049 1105 1113 tumidaeque
1130 1049 1306 1111 injuria
1330 1050 1508 1111 Trojae,

216 1134 541 1196 Perjurusque
567 1131 700 1181 Paris
717 1150 732 1193 3
766 1141 923 1181 morte
947 1132 1055 1180 haec
1080 1130 1120 1180 si
1145 1131 1362 1194 denique
1386 1140 1555 1179 nostra

214 1218 449 1275 Conruet‚
476 1214 826 1278 ingentemque
852 1215 1009 1262 trahet
1033 1214 1277 1262 labefacta
1300 1212 1491 1261 ruinam
1508 1230 1521 1272 3

219 1299 373 1346 Mene
396 1312 587 1345 moram
611 1295 783 1345 timide
809 1295 957 1344 tantis
983 1296 1128 1344 decet
1153 1295 1337 1343 addere
1362 1295 1508 1343 rebus
1524 1296 1546 1341 ?

215 1378 265 1426 Si
291 1394 393 1441 spe,
419 1376 737 1441 inagnanimo
763 1376 925 1425 Danai
952 1376 991 1424 si
1016 1386 1230 1439 pectore,
1257 1377 1444 1425 bellum

220 1463 540 1519 Praesumunt,
567 1469 734 1523 petere
760 1468 809 1508 et
833 1458 998 1522 cupidi
1023 1475 1110 1521 per
1133 1459 1334 1506 vulnera
1358 1467 1567 1505 mortem
1594 1475 1602 1513 ;

218 1543 399 1590 Solane
425 1557 518 1605 ego
543 1541 738 1604 fugiam,
767 1541 872 1589 sola
895 1541 1024 1588 hanc
1050 1540 1301 1588 effundere
1325 1538 1478 1587 vitam

223 1625 318 1672 Pro
343 1633 409 1683 te,
436 1638 526 1687 pro
551 1622 708 1686 patria
732 1621 995 1671 dubitem?
1031 1638 1120 1684 pro
1144 1623 1153 1668 Ξ
1191 1621 1408 1669 dedecus
1435 1620 1607 1683 ingens
1629 1622 1637 1665 ἕ

222 1707 352 1768 Ergo
377 1704 561 1768 inpune
588 1703 737 1764 Paris,
763 1703 1048 1767 gremioque
1073 1702 1122 1750 in
1147 1702 1337 1765 pellicis
1362 1703 1552 1751 haerens

220 1785 412 1835 Gestiet
436 1784 642 1848 Argivae,
671 1786 995 1848 pendensque
1021 1785 1128 1832 haec
1154 1784 1323 1832 oscula
1347 1783 1530 1831 circum

203 1869 424 1916 ‘Securus
449 1866 656 1916 Veneris
679 1866 895 1930 potietur
918 1881 1119 1914 munere
1140 1865 1362 1928 iniquae?

218 1950 335 2012 Ipsa
358 1949 491 1998 dabo
516 1947 679 2011 potius
703 1949 855 1996 latum
880 1948 1179 1996 documenta
1203 1963 1290 2009 per
1314 1948 1499 2004 orbem,

220 2029 425 2080 Femina
449 2029 569 2093 quid
593 2029 762 2093 patriae
788 2028 955 2092 possit,
985 2028 1104 2091 quid
1130 2027 1330 2077 conscia
1354 2027 1515 2075 virtus.

224 2113 394 2175 Usque
442 2112 634 2161 adeone
682 2111 806 2160 mori
852 2110 1082 2160 miserum
1131 2113 1239 2159 est?
1287 2109 1434 2158 timor
1479 2108 1640 2157 omnis

355 2195 542 2255 abest0,

225 2275 380 2323 Haud
403 2275 849 2338 Agamemnoniam
874 2283 1042 2338 tanget
1066 2273 1211 2323 timor
1234 2290 1390 2337 usque
1410 2275 1635 2336 puellam.

226 2356 345 2404 Non
368 2354 437 2404 ita
459 2372 539 2405 me
563 2365 731 2416 mater,
758 2372 1050 2419 magnorum
1075 2355 1230 2404 oblita
1253 2364 1525 2418 parentum,

224 2435 415 2484 Erudiit
430 2454 444 2497 3
479 2438 608 2486 bene
634 2437 730 2486 emi
755 2438 904 2486 credo
931 2438 1039 2485 haec
1060 2438 1161 2499 jam
1188 2436 1389 2500 praemia
1414 2436 1523 2482 vita.

224 2518 454 2579 Namque
479 2516 570 2566 etsi
594 2519 782 2567 tumulo
807 2520 1001 2578 lateam,
1031 2518 1154 2567 cinis
1179 2527 1296 2576 ater,
1325 2516 1371 2563 in
1401 2516 1514 2573 imo,

224 2599 428 2661 Semper
445 2598 619 2658 honos,
641 2600 910 2662 laudesque
934 2616 1073 2659 meae,
1094 2613 1378 2659 nomenque
1403 2596 1634 2643 manebit.

227 2678 364 2741 Quid
388 2678 507 2727 mihi
533 2679 573 2728 si
597 2680 787 2740 moriar,
815 2681 1074 2744 primoque
1099 2679 1354 2742 extinguar
1378 2678 1426 2725 in
1452 2681 1596 2726 aevo?

227 2759 365 2823 Quid
389 2759 522 2820 mihi,
551 2759 590 2809 si
615 2760 742 2810 natis
767 2777 975 2823 caream,
1003 2761 1040 2811 si
1067 2761 1315 2824 conjuge?
1352 2775 1544 2822 semper
