2028 3230
353 848 646 910 LATIN
704 846 1390 908 HEXAMETERS.

626 1041 862 1106 (Satanas
883 1040 1133 1107 loquitur.)

163 1223 210 1271 Ο
234 1236 319 1283 TU,
346 1237 497 1286 quem
520 1220 639 1270 clari
663 1220 862 1270 redimit
886 1219 1157 1268 clarissima
1181 1219 1291 1268 caeli

162 1303 348 1366 Gloria,
376 1303 561 1367 quique
584 1320 759 1352 recens
785 1312 1024 1363 exortum,
1055 1301 1287 1351 Numinis
1312 1301 1478 1361 instar,

162 1384 393 1450 Despicis
416 1386 551 1434 hunc
575 1386 762 1446 orbem,
790 1386 932 1447 cujus
957 1383 1225 1433 conterrita
1249 1383 1408 1432 vitant

161 1467 333 1517 Sidera
356 1476 697 1531 conspectum,
725 1475 774 1516 te
799 1467 899 1527 Sol,
927 1475 976 1515 te
1001 1465 1205 1515 nomine
1231 1464 1347 1514 dico
1369 1468 1378 1513 1

163 1551 283 1600 Non
308 1558 476 1599 tamen
499 1558 555 1598 ut
578 1565 788 1598 concors
812 1565 907 1598 nec
933 1548 1093 1597 amica
1115 1564 1242 1596 voce
1265 1549 1461 1596 locutus

162 1631 377 1681 Lumina
400 1631 490 1680 sed
513 1639 700 1680 testans
726 1647 877 1694 quam
902 1630 995 1679 sim
1019 1639 1104 1679 tua
1127 1631 1263 1679 foeda
1287 1645 1507 1693 perosus,

163 1713 366 1778 Quippe
413 1712 581 1762 animo
639 1721 877 1762 revocant
929 1727 1042 1775 quae
1101 1728 1260 1775 nuper
1309 1720 1595 1775 quantaque

296 1795 400 1844 fata

162 1875 335 1937 Amisi,
361 1876 610 1939 longeque
633 1883 774 1924 tuum
798 1890 946 1938 super
969 1873 1180 1938 inclytus
1206 1875 1379 1922 orbem
1401 1893 1410 1923 :

164 1958 346 2006 Donec
369 1972 520 2020 agens
543 1957 712 2015 fastus,
740 1956 968 2018 fastuque
995 1954 1235 2018 Superbia
1259 1955 1403 2017 pejor

164 2037 387 2088 Perdidit
409 2036 461 2086 in
486 2037 596 2086 caeli
618 2053 785 2100 regem
809 2053 939 2085 vana
962 2053 1098 2085 arma
1121 2046 1420 2086 moventem.

163 2121 434 2169 Insanum!
470 2119 535 2168 de
558 2135 639 2168 me
667 2117 863 2183 (fateor)
890 2134 992 2167 non
1017 2117 1135 2166 talia
1158 2127 1290 2167 certe

165 2203 257 2250 Est
278 2199 494 2261 meritus,
521 2200 586 2249 de
609 2216 691 2249 me
716 2200 922 2262 pulchra
946 2215 1094 2262 quem
1120 2198 1170 2247 in
1195 2199 1394 2248 luminis
1420 2216 1504 2249 ora

164 2281 539 2346 Qualiscunque
563 2280 646 2342 fui,
672 2280 803 2341 fecit,
831 2297 920 2329 sua
944 2281 1079 2329 dona
1102 2297 1196 2330 nec
1220 2298 1443 2344 unquam

165 2362 384 2414 Cuilibet
408 2361 608 2425 objecit,
635 2378 730 2412 nec
755 2378 860 2411 sors
885 2361 975 2410 fuit
999 2378 1175 2424 aspera
1199 2362 1362 2411 servis.

166 2446 299 2494 Nam
323 2459 435 2508 quae
461 2445 585 2493 dura
606 2443 770 2492 minus
796 2459 947 2506 quam
972 2443 1144 2492 laudes
1169 2444 1377 2492 reddere
1403 2446 1593 2503 saltem,

165 2526 304 2576 Lene
327 2523 654 2574 ministerium
677 2526 686 2572 !
722 2524 991 2587 facilesque
1017 2524 1272 2573 exsolvere
1295 2535 1472 2588 grates,

166 2607 332 2669 Quam
355 2605 554 2655 meritas
578 2609 587 2654 1
625 2606 714 2655 sed
738 2606 888 2655 corde
913 2621 1027 2654 meo
1052 2606 1125 2654 fas
1149 2605 1278 2654 illius
1302 2606 1410 2669 ipsa

166 2687 307 2738 Fecit
327 2689 409 2738 vel
431 2686 657 2737 bonitate
682 2688 821 2736 nefas
840 2703 854 2747 3
890 2695 939 2736 et
963 2687 1155 2736 honore
1179 2686 1366 2750 potitus

165 2771 332 2819 Tanto
356 2769 607 2819 servitium
632 2769 808 2833 sprevi,
835 2770 1076 2832 rebarque
1101 2770 1180 2818 vel
1205 2785 1307 2817 uno
