2028 3230
800 280 1112 315 CLEOPATRA.
1569 286 1630 330 42
1639 286 1664 330 3

251 404 364 464 Jam
388 401 559 460 victor,
583 400 837 465 patriaque
860 403 1114 450 umbratus
1139 411 1363 464 tempora
1387 404 1537 463 lauro,

255 482 456 547 Ingruit,
479 492 527 532 et
551 498 727 546 poenas
752 482 951 532 inimico
976 499 1006 531 a
1031 483 1266 547 sanguine
1295 483 1468 546 poscit.

255 564 429 613 Praelia
447 574 634 628 quanta
656 563 827 624 virum,
850 567 1069 614 Leucata
1091 567 1100 612 Ξ
1174 567 1237 613 Et
1253 574 1440 628 quanta
1466 566 1668 616 videbas

254 649 447 696 Funera
468 649 477 694 l
515 662 736 710 quasque
762 647 897 710 fugas
917 651 926 694 Ξ
963 647 1136 695 rabido
1161 646 1312 695 maria
1335 647 1481 696 Actia
1504 649 1637 697 bello

256 729 424 790 Quum
448 729 631 778 fervere
657 730 842 791 procul,
870 729 1410 792 totumquewincanduit
1435 746 1604 792 aequor

256 808 440 858 AEratis
464 809 684 858 trabibus
709 810 956 874 spumanti
982 821 1031 860 et
1055 812 1192 860 caede
1217 811 1442 861 virorum.

259 890 397 939 Hinc
421 891 580 954 patria
602 893 853 955 Augustus
879 909 1047 942 secum
1072 893 1181 942 tulit
1206 893 1402 956 agmina
1428 895 1593 944 Caesar
1615 914 1623 943 :

260 970 405 1020 Illinc
429 988 723 1035 purpuream
747 973 928 1022 tunicis
954 990 1013 1022 ac
1037 991 1165 1022 vana
1189 984 1463 1023 tumentem

260 1052 503 1116 Reginam
517 1052 809 1116 adspiceres.
887 1056 1012 1103 Mox
1028 1072 1119 1104 en
1111 1059 1119 1091 ἵ
1156 1055 1240 1104 ubi
1260 1057 1443 1105 fervere
1462 1058 1674 1105 Martem

257 1133 432 1194 Sensit,
460 1143 509 1184 et
533 1134 735 1184 infensis
759 1135 952 1185 misceri
977 1136 1214 1186 classibus
1239 1138 1439 1198 undam,

259 1217 385 1264 Vela
409 1215 547 1265 dedit
570 1215 832 1266 furibunda
857 1227 1006 1278 metu,
1034 1218 1341 1281 dominoque
1365 1220 1563 1282 fideque

259 1296 497 1359 Abjectis‚
525 1296 786 1360 timuitque
811 1299 944 1348 leves
970 1302 1253 1349 tremefacta
1279 1300 1532 1350 Liburnas.

326 1489 537 1550 Jamque
562 1488 690 1536 adeo
716 1490 956 1537 scelerum
981 1489 1114 1539 furiis
1139 1490 1321 1554 agitata
1344 1493 1532 1541 volutat

260 1567 644 1632 Ancipitemque
669 1569 830 1618 vicem
856 1587 1024 1618 secum
1051 1588 1388 1635 conversaque
1414 1574 1513 1622 fata
1531 1592 1545 1635 ;

263 1651 380 1698 Huc
405 1649 520 1698 illuc
545 1650 670 1714 rapit
694 1668 850 1715 usque
877 1652 1109 1713 animum,
1138 1670 1288 1717 seque
1314 1654 1421 1717 ipsa
1446 1655 1624 1719 fatigat.
1659 1710 1661 1712 r

263 1731 510 1780 Emoritur
534 1749 646 1795 spes
670 1732 800 1782 victa
824 1742 957 1784 metu
980 1752 989 1792 ;
1025 1744 1198 1795 metus,
1226 1736 1423 1785 horrida
1447 1723 1633 1796 forma,

263 1814 564 1875 Inportunus
589 1815 744 1875 adest,
773 1832 1065 1879 semperque
1092 1834 1150 1866 ea
1173 1817 1344 1867 limina
1370 1828 1540 1867 servat.

261 1894 478 1944 Conscia
501 1911 602 1944 nox
626 1897 797 1960 longas
824 1897 975 1958 audit,
1003 1915 1152 1961 quam
1178 1900 1339 1963 longa,
1368 1901 1608 1963 querellas
1627 1920 1639 1961 3

262 1975 459 2026 Scilicet
482 1975 532 2025 in
559 1977 744 2026 somnis
770 1979 966 2042 decepti
993 1979 1216 2043 conjugis
1242 1997 1328 2029 ora

263 2059 460 2107 Frustra
483 2059 833 2123 tendentisque
858 2077 1033 2109 manus
1058 2077 1116 2109 ac
1142 2061 1247 2110 dira
1271 2062 1515 2124 precantis

263 2140 365 2188 Aut
383 2139 530 2200 videt,
554 2149 637 2189 aut
656 2140 836 2190 vidisse
862 2151 1017 2204 putat,
1045 2142 1323 2192 miseranda
1348 2160 1436 2206 per
1457 2146 1681 2193 umbram

263 2221 368 2269 Stat
389 2222 528 2283 juxta
551 2223 756 2285 pallens,
784 2225 1058 2287 volnusque
1085 2234 1300 2273 ostentat
1324 2224 1502 2289 imago,

190 2359 193 2361 ,
268 2302 473 2351 Pectore
498 2305 702 2366 trajecto
728 2315 1011 2368 conspecta,
1039 2314 1088 2354 et
1112 2306 1249 2354 caede
1269 2306 1468 2365 recenti,

270 2384 434 2444 Atque
460 2385 634 2432 eadem
659 2385 729 2433 sic
753 2385 858 2434 visa
883 2386 1031 2449 loqui.
1109 2390 1135 2412 ‘⁴
1153 2386 1246 2447 Sic,
1274 2387 1486 2450 pessima
1511 2404 1686 2439 rerum,

269 2462 430 2512 Sicine
457 2480 548 2527 ego
573 2466 637 2514 de
661 2475 711 2515 te
737 2468 932 2517 merui?
968 2477 1018 2517 te
1042 2478 1242 2531 propter
1265 2479 1454 2517 amator

271 2544 465 2607 Projeci
490 2546 833 2610 thalamosque
858 2549 982 2612 pios,
1011 2565 1122 2599 mea
1147 2566 1411 2612 regnaque,
1438 2566 1618 2611 meque

272 2627 348 2672 Tu
375 2625 493 2673 mihi
518 2628 817 2691 conjugium,
845 2639 897 2678 tu
924 2647 1051 2694 spes,
1081 2641 1132 2680 tu
1158 2648 1307 2694 regna
1331 2630 1474 2679 fuisti.

271 2705 443 2754 Adfuit
466 2706 558 2755 iste
583 2707 688 2757 dies
713 2728 723 2757 ε
758 2710 936 2759 bellavi
957 2722 1228 2771 :—caetera‚
1257 2712 1415 2771 fallax,

275 2785 393 2832 Heu
417 2783 651 2834 nimium!
687 2786 783 2835 scis
808 2787 1099 2850 ipsa—mali
1127 2789 1221 2838 scis
1248 2789 1447 2838 conscia
1475 2792 1663 2847 causa.’'
