2028 3230
601 264 777 299 GREEK
814 262 1179 297 HEXAMETERS.
1526 262 1583 306 23
1591 260 1618 309 5

201 386 430 455 γεύσατο
457 383 546 439 καὶ
571 381 777 444 νεκύων,
805 382 944 455 φάγε
969 379 1012 435 δ’
1041 380 1188 435 ἵστια
1213 379 1519 434 αὐανθέντα·

177 475 182 478 ’
201 469 279 536 βῆ
305 467 347 520 δ’
374 468 487 536 ἅμα
509 470 630 534 νηῦς
655 467 835 528 ἐλαᾶν,
862 464 1164 536 καθύπερθε
1188 463 1243 517 δὲ
1269 462 1365 529 τὴν
1384 462 1622 531 δάμασεν

344 555 468 622 πῦρ.

202 633 311 687 θεοὶ
336 632 378 687 δ’
405 636 508 735 ἄρα
535 630 854 700 θηήσαντο’
829 630 918 683 επὶ
943 630 1158 702 ῥηγμῖνι
1185 627 1483 696 θαλάσσης·

200 721 343 771 τοῖσι
368 715 411 770 δ’
437 714 833 785 άγασσαμένοις
859 714 1048 783 αἴφνης
1075 710 1164 765 ἐπὶ
1190 710 1413 783 ἕσπερος
1443 710 1622 779 ἦλθεν.

200 800 331 867 ἦμος
357 798 399 853 δ’
425 798 600 867 ἠέλιος
625 796 865 852 κατέδυ’
840 795 916 850 ενὶ
941 796 1114 849 οἴνοπι
1139 793 1317 865 πόντῳ
1394 806 1396 809 ⁴

203 882 486 950 αἱματόεις,
513 881 695 948 πολλὴ
721 880 777 935 δὲ
800 880 967 950 πυρὸς
992 875 1170 950 κέχυτ’
1197 877 1365 949 ἀμφὶς
1390 875 1578 945 ἀϋτμὴ,

202 969 364 1033 τῆμος
390 963 500 1033 δῆτ’
526 964 712 1031 ἄνεμος
735 963 832 1032 μὲν
857 960 1149 1022 ἐπαύσατο,
1175 959 1266 1027 ἠδὲ
1289 960 1497 1029 γαλήνη

203 1050 398 1104 ἔπλετο
424 1048 649 1117 νηνεμίη,
680 1046 770 1100 ἐπὶ
795 1044 837 1099 δ’
865 1045 1058 1113 ἤλυθεν
1083 1044 1358 1115 ἀμβροσίη
1384 1042 1491 1111 νύξ.

202 1132 349 1200 ἔμπα
374 1132 429 1186 δέ
453 1130 506 1185 οἶ
526 1132 577 1189 ἐς
602 1128 695 1199 νῆ’,
725 1128 1110 1198 ἀνακαιομένην
1134 1127 1336 1200 φλογὸς
1362 1129 1498 1197 αὐγῇ

203 1216 385 1288 δέρκον
409 1215 708 1288 παννύχιοι,
738 1213 871 1283 ὑπὲρ
895 1211 1157 1283 ἠεροείδεα
1181 1211 1378 1265 πόντον

203 1299 318 1354 αἰὲν
343 1298 708 1367 ἐλαυνομένην,
735 1295 900 1366 πυρὸς
924 1293 1049 1363 ὄμμ’
1077 1295 1144 1351 ὡς
1169 1294 1480 1362 αἰθομένοιο.

205 1382 274 1440 ὡς
299 1381 342 1435 δ’
368 1383 456 1436 ὅτε
479 1403 559 1439 τις
583 1382 690 1452 πρὸ
716 1379 855 1433 ὁδοῖο
881 1379 979 1433 ἐὼν
1003 1379 1272 1444 αὐλίζεται
1298 1377 1429 1448 ἀνὴρ

205 1466 380 1535 οὔρεος
405 1465 460 1519 ἐν
482 1464 702 1533 βήσσῃς
725 1460 1097 1530 πολυδένδρου,
1125 1461 1307 1519 νυκτὸς
1332 1459 1569 1529 ἀμόλγῳ,

205 1549 454 1617 ἐξαπίνης
479 1546 522 1600 δ’
550 1545 800 1616 ὑπένερθε
825 1542 984 1616 φλόγ’
1011 1542 1197 1614 ἀστέρι
1222 1542 1354 1597 εἶδεν
1378 1543 1564 1608 ὁμοίαν

204 1632 430 1697 τηλόθεν
454 1630 734 1699 αἰθομένην
758 1629 889 1694 ὕλης
915 1627 1023 1680 ἄπο
1049 1625 1454 1697 ἀμφιμελαίνης,

205 1715 303 1783 τὴν
326 1715 570 1785 ἀλκτῆρα
593 1716 773 1767 λυκῶν
797 1710 1145 1764 ἀνακαίουσιν
1169 1710 1291 1782 περὶ
1318 1708 1488 1776 αὐλὴν

204 1798 381 1870 ἅνερες
405 1795 674 1864 ὑλοτόμοι,
692 1793 943 1867 φλεγέθει
963 1793 1019 1847 δέ
1039 1815 1096 1846 τε
1114 1793 1384 1866 πάννυχος
1405 1792 1628 1858 αὐγὴ,-

208 1882 344 1936 οὕτω
369 1879 662 1950 τηλεφανὲς
689 1879 867 1947 σκότῳ
894 1877 1090 1949 ἔφλεγε
1117 1876 1404 1930 θεσπέσιον
1429 1878 1552 1947 πῦρ·

207 1965 272 2022 ὡς
317 1962 420 2018 ἀνὰ
463 1962 505 2016 δ’
547 1962 726 2032 ἄστρα
762 1961 985 2028 βέβηκε,
1034 1959 1337 2031 μαραίνετο,
1379 1958 1434 2011 ἐν
1478 1956 1532 2010 δέ
1575 1979 1634 2010 τε

352 2046 525 2117 νεκροὶ

207 2130 497 2197 καύθησαν,
523 2127 708 2195 πολλὴ
735 2126 790 2181 δὲ
814 2126 991 2199 πυρὴν
1017 2125 1267 2193 ἔμπλησε
1288 2124 1449 2189 κονίη.

208 2214 276 2271 ὡς
316 2213 372 2267 δὲ
410 2212 768 2284 μαραινομένη
808 2208 884 2264 ὅτ’
924 2208 1008 2264 ἐπ’
1049 2208 1352 2281 ἐσχάροφιν
1391 2206 1633 2279 φθινύθει

354 2295 498 2365 φλὸξ

208 2379 317 2449 ὥρῃ
340 2378 594 2451 χειμερίῃ,
622 2375 856 2451 χάμαδις
881 2376 935 2430 ἕο
962 2374 1156 2429 ἔκπεσε
1181 2373 1342 2431 δαλὸς

209 2461 412 2532 αἴφνης,
438 2465 532 2516 τοῦ
558 2459 612 2514 δέ
638 2483 697 2515 τε
721 2462 926 2514 πολλοὶ
952 2459 1062 2512 ἀπὸ
1089 2457 1377 2527 σπινθῆρες
1404 2455 1539 2509 ἵεντο
1549 2476 1583 2514 ι,

208 2546 277 2603 ὣς
302 2542 570 2615 ἐρέρειπτο
595 2543 754 2614 πυρὴ,
782 2542 1084 2616 ἐρυθαίνετο
1111 2540 1153 2594 δ’
1180 2540 1320 2612 ἀμφὶ
1348 2539 1606 2592 θάλασσα

212 2624 519 2694 σπινθήρων
568 2622 812 2698 αἴγλῃφι,
855 2625 1050 2697 κνέφας
1098 2623 1141 2678 δ’
1184 2623 1275 2677 ἐπὶ
1318 2622 1498 2675 πάντα
1542 2619 1631 2672 κά-

354 2712 550 2780 λυψεν.

1170 2803 1224 2850 C.
1255 2801 1297 2849 S.
1329 2801 1390 2862 J.‚
1425 2799 1562 2862 1856.
