2028 3230
778 283 780 286 ,
806 235 900 284 233

326 765 654 826 GREEK
709 767 1392 832 HEXAMETERS.

421 962 451 982 “
465 959 729 1014 Wohlthiitig
746 961 798 1003 ist
818 962 890 1002 des
912 962 1065 1002 Feue'rs
1086 961 1275 1003 Macht.''

1202 1032 1453 1072 SCHILLER.

149 1191 383 1250 ΙΣΤΟΝ
411 1191 467 1246 δὲ
491 1195 716 1260 στῆσαν,
744 1191 846 1247 ἀνὰ
871 1191 914 1245 δ’
943 1192 1091 1246 ἴστια
1116 1197 1235 1261 νῆος
1260 1195 1406 1259 ἐίσης

147 1279 322 1330 τεῖναν
346 1274 627 1348 ἀείραντες,
654 1274 757 1329 ἀνὰ
783 1275 838 1328 δὲ
864 1274 1002 1344 ξύλα
1027 1276 1159 1330 δανὰ
1185 1276 1375 1330 ἔκαιον·

147 1361 254 1412 τῶν
279 1357 322 1411 δ’
350 1356 377 1412 ὁ
405 1358 537 1412 θεῶν
559 1358 850 1423 βέλτιστος
875 1359 972 1413 ε’ὼν
1000 1359 1182 1431 κράτει
1205 1359 1295 1426 ἠδὲ
1319 1359 1569 1428 μέγιστος

149 1442 328 1496 πυκνὰ
351 1442 480 1496 ποτὶ
503 1443 809 1512 πρυμνῇσιν
834 1442 1167 1513 ἐρεισάμενος
1191 1443 1359 1511 μέγαν
1384 1441 1541 1512 ὠμὸν,

148 1529 248 1593 νῆα
272 1525 428 1591 μόλις
453 1525 656 1579 ὤθεσκε
681 1525 767 1579 διὰ
791 1526 1075 1596 ψαμάθοιο
1099 1526 1336 1592 βαθείης.

148 1611 244 1662 τοῦ
268 1607 311 1661 δ’
339 1606 420 1680 ἄρ’
446 1608 554 1662 ἀπὸ
578 1608 800 1679 βόθροιο
827 1608 974 1677 θάμα
1000 1609 1287 1678 σπινθῆρες
1315 1608 1468 1672 ἵεντο,

148 1692 289 1751 -ὣς
314 1690 513 1746 ἔλασέν
535 1693 606 1764 ῥα
632 1691 753 1747 θεοῦ
778 1692 1004 1763 κρατέρη
1030 1692 1299 1759 ἲς--κήκιε
1325 1691 1368 1744 δ’
1398 1690 1555 1764 ὕδωρ·

149 1779 269 1842 νηῦς
291 1774 335 1829 δ’
352 1774 610 1847 ἐλελίχθη
629 1778 785 1828 πᾶσα
805 1774 920 1828 κατ’
939 1776 1091 1845 εὕρεα
1110 1779 1252 1829 νῶτα
1272 1775 1568 1840 θαλάσσης.

147 1858 340 1915 αὐτίκα
364 1857 406 1911 δ’
434 1858 494 1926 ἐξ
517 1858 710 1931 οὐρέων
735 1861 1002 1929 κραιπνῶς
1027 1858 1130 1913 ἀνὰ
1156 1860 1326 1930 Εὖρος
1352 1857 1549 1928 ὀρώρει,

149 1943 204 2000 ὃς
222 1941 417 2010 λιγέως
445 1940 614 2014 ἰάχων
638 1940 811 1995 πέτετ’
829 1942 900 2000 εἰς
925 1941 1050 2007 ἅλα,
1079 1941 1178 1995 κὰδ
1203 1942 1258 1996 δὲ
1281 1941 1570 1995 θάλασσαν

150 2025 289 2080 ἵκετο
334 2024 566 2096 κραιπνὰ
606 2025 750 2092 θέων,
793 2025 1011 2093 μελάνει
1054 2025 1108 2079 δέ
1147 2047 1205 2078 τε
1247 2025 1440 2083 πόντος
1479 2023 1567 2078 ὑπ’

294 2109 473 2172 αὐτοῦ,

151 2191 370 2265 σύνεχες
395 2189 485 2246 εἶτ’
512 2190 710 2256 ἐπιβὰς
734 2193 898 2262 πρῆσ’
926 2191 1086 2256 ἴστια,
1116 2195 1224 2261 πῦρ
1256 2190 1299 2244 δ’
1326 2191 1569 2261 ἀνέγειρε·

151 2278 271 2341 νηῦς
325 2272 368 2327 δ’
418 2274 509 2328 ἐπὶ
556 2274 753 2330 πόντον
801 2273 1027 2343 ἀνήγεθ’,
1079 2274 1401 2342 ἑλισσομένη
1450 2274 1573 2345 περὶ

296 2359 498 2430 καπνῷ.

153 2442 220 2496 ἀν
245 2439 302 2494 δέ
325 2461 383 2493 τε
405 2441 673 2512 βεβρυκὸς
697 2440 839 2514 ταχὺ
865 2440 1110 2510 δέδρομεν
1134 2440 1409 2510 ἀκαματὸν
1432 2441 1555 2508 πῦρ,

154 2523 339 2595 κορμοὶ
365 2522 420 2576 δὲ
444 2527 815 2596 σφαραγεῦντο
842 2527 997 2594 πυρῇ,
1023 2523 1207 2590 πολλὴ
1235 2523 1290 2577 δὲ
1314 2521 1514 2591 μεταξὺ

154 2606 390 2677 ἐξέθορεν
412 2605 752 2674 γλώσσαισιν
777 2606 997 2675 ἀλιγκία
1022 2606 1272 2676 αἰθομένη
1299 2605 1444 2676 φλὸξ

155 2689 361 2759 ὀξείαις,
390 2686 851 2757 ἑλίκεσσιν,-ἔ,Βη
878 2688 920 2742 δ’
947 2691 1062 2753 ἄνα,
1092 2689 1196 2743 οὐδ’
1224 2688 1467 2755 ἀπόληγε

155 2774 282 2831 τέως
307 2772 402 2831 ἕως
426 2772 690 2844 πυρκαίην
713 2771 881 2845 ἄκραν
908 2772 1048 2835 ἵκετ’,
1075 2771 1245 2844 ὑψόθι
1270 2772 1300 2823 δ
1343 2769 1494 2823 ἱστοῦ
