2028 3230
697 239 857 274 LATIN
894 237 1154 273 ELEGIACS.
1547 232 1602 282 17
1617 237 1634 267 1

221 367 418 416 Cuncta
441 363 536 413 situ
559 362 787 426 squalent
810 359 956 420 intus,
984 357 1192 421 caligine
1217 365 1396 404 cuncta
1419 375 1428 404 ε

288 444 672 509 Tranquillaque
697 441 812 492 foris
837 449 1016 490 cuncta
1040 438 1205 502 quiete
1230 437 1375 486 silent
1392 455 1406 498 3

223 530 319 578 Illa
343 529 431 578 sed
454 526 671 591 ingressa
696 533 798 574 est:
835 522 1027 572 animos
1051 521 1125 570 vis
1149 520 1323 569 intima
1347 518 1483 568 cordi

248 602 253 607 ’
290 609 476 660 Nescio
501 625 612 672 quae
637 615 802 657 tantos
828 604 1143 670 suppeditare
1168 611 1346 667 potest.

224 798 452 859 Ingressa
476 802 550 844 est
573 793 709 857 virgo
732 794 844 840 latae
869 790 1026 854 prima
1051 805 1136 838 ora
1160 804 1382 837 cavernae
1402 805 1414 846 3

293 879 545 925 Incertum
569 875 738 923 lumen
762 872 947 936 pallida
972 873 1114 918 Luna
1138 870 1289 918 dabat
1309 889 1318 918 :

222 958 361 1007 Vidit
386 967 435 1006 et
458 958 727 1006 haerentem
753 953 968 1017 scopulis
994 951 1294 1002 deformibus
1319 969 1530 1016 anguem
1551 971 1560 1000 :

292 1038 507 1088 Lubrica
530 1036 760 1087 sustinuit
783 1035 974 1099 pensile
1000 1034 1159 1083 cauda
1184 1044 1345 1096 caput.

230 1227 395 1288 Lapsa
419 1224 563 1273 refert
585 1237 778 1286 gressus
799 1240 809 1270 t
847 1227 1011 1282 stupet
1034 1218 1120 1267 illo
1146 1217 1312 1267 territa
1334 1217 1443 1265 visu
1461 1236 1474 1277 3

298 1305 529 1356 offendit
552 1314 776 1354 tenerum
802 1302 936 1350 foeda
960 1302 1133 1350 rubeta
1156 1300 1352 1363 pedem.

230 1388 319 1438 Vis
343 1397 510 1437 tamen
534 1387 618 1435 illa
641 1385 834 1435 animos
858 1399 994 1432 caeco
1020 1385 1110 1432 sub
1136 1383 1286 1432 corde
1309 1381 1565 1440 ministrat,

298 1472 406 1519 Nec
431 1468 546 1518 sinit
568 1468 819 1530 inceptam
844 1463 1116 1515 deseruisse
1139 1463 1284 1512 viam.

235 1656 374 1716 Quas
398 1667 566 1702 tamen
591 1668 707 1701 aure
730 1649 858 1700 bibit
881 1666 1029 1698 voces
1043 1651 1066 1698 ?
1102 1665 1202 1711 quo
1228 1657 1431 1711 pectora
1453 1648 1577 1695 fiunt

299 1734 490 1784 Audito
514 1733 671 1797 glacie
695 1732 943 1796 frigidiora
968 1748 1092 1780 sono
1110 1733 1133 1780 ?

233 1817 399 1876 TaleS‚
427 1814 565 1864 saevit
587 1815 673 1886 ubi
699 1817 858 1864 Borea
883 1813 1119 1862 stridente
1143 1814 1374 1875 procella,

302 1897 568 1947 Piniferum
594 1896 821 1961 strepitus
846 1912 1143 1960 personuere
1165 1896 1348 1958 jugum.

241 2095 482 2142 Personat
504 2092 758 2141 horrificus
782 2090 1079 2155 trepidantia
1104 2107 1222 2139 saxa
1245 2089 1514 2138 cachinnus
1538 2107 1549 2148 3

302 2173 530 2223 Fulmina
553 2190 656 2223 non
682 2172 767 2222 tali
788 2174 922 2236 jacta
945 2175 1132 2236 fragore
1157 2180 1332 2221 tonant
1349 2190 1363 2232 3

237 2257 367 2304 Tum
393 2271 542 2318 sonus
567 2255 618 2303 in
643 2266 815 2304 tenues
838 2255 1055 2304 moriens
1080 2253 1323 2303 delabitur
1346 2268 1500 2307 auras,

302 2338 367 2384 Et
389 2335 472 2384 vix
494 2352 583 2399 per
605 2335 807 2386 tacitam
831 2336 916 2384 dat
939 2337 1047 2385 leve
1070 2351 1288 2383 mumiur
1309 2335 1525 2383 humum.

237 2537 305 2583 At
329 2541 465 2582 tenet
489 2549 645 2595 usque
669 2532 814 2593 viam,
842 2541 978 2581 tenet
1002 2531 1309 2595 inperterrita
1332 2531 1467 2594 virgo
1486 2550 1497 2590 3

306 2612 471 2678 Pergit
489 2630 503 2674 3
536 2612 610 2662 vis
635 2613 819 2662 etenim
843 2629 1044 2677 pergere
1069 2629 1204 2661 caeca
1223 2614 1378 2675 jubet.

239 2697 539 2758 Quanquam
565 2693 789 2743 distentis
814 2694 945 2743 oculi
967 2693 1154 2758 riguere
1178 2702 1425 2742 tumentes

305 2774 536 2835 Orbibus,
565 2786 613 2823 et
638 2774 887 2839 proprium
911 2774 993 2823 vix
1016 2783 1218 2824 tenuere
1242 2775 1419 2822 locum.
