2028 3230
660 258 818 294 LATIN
857 257 1223 292 HEXAMETERS.
1568 263 1587 294 1
1598 247 1625 294 8
1630 259 1657 311 5

798 381 952 428 Furor
975 378 1092 427 inde
1117 387 1167 427 et
1193 377 1402 428 Martius
1428 390 1560 429 ortus

235 465 327 513 Est
350 465 548 524 clamor,
579 463 776 526 qualem
800 460 963 510 felicia
985 477 1209 510 concava
1232 459 1341 509 caeli

233 546 353 594 Non
377 543 510 608 prius
533 542 820 593 audierant:
858 541 1075 592 discordi
1099 541 1245 590 inlisa
1267 542 1456 605 fragore

231 627 386 674 Arma
407 624 554 674 armis
580 633 807 688 strepere,
837 633 886 673 et
908 622 1038 687 bigae
1062 624 1291 686 clangore
1315 632 1532 671 rotarum

235 706 475 757 Honibili
498 707 655 756 furere
679 715 841 756 aeratae
861 725 871 755 :
908 720 1201 768 consurgere
1226 704 1345 754 belli

234 788 407 838 Insani
429 788 660 838 fremitus.
736 789 1023 851 Flagrantes
1047 786 1165 836 inde
1189 803 1277 850 per
1298 803 1440 835 auras

230 865 385 916 Sibila
408 868 511 916 tela
533 868 704 916 volant
729 875 778 915 et
801 867 1055 914 flammeus
1080 863 1259 928 ingruit
1283 863 1509 913 imber—

232 948 480 1012 Utrinque
504 946 947 1010 incurrunt—tegit
970 945 1171 1009 insuper
1193 945 1339 1009 ignea
1362 948 1592 995 nubes-—

233 1029 482 1093 Utrinque
505 1028 746 1078 invadunt
769 1043 1016 1092 pugnam:
1052 1036 1241 1076 traxere
1266 1026 1457 1075 ruinam

233 1110 543 1174 Praecipitem
567 1109 971 1159 rabidi—caelum
996 1117 1138 1158 tonat
1162 1125 1312 1158 omne
1337 1110 1525 1172 fragore

234 1191 444 1256 Ingenti,
473 1201 621 1256 atque
645 1190 731 1240 illo
755 1190 796 1240 si
820 1199 1044 1253 tempore
1069 1199 1197 1239 terra
1220 1189 1391 1238 fuisset

234 1276 328 1323 Per
349 1273 542 1324 medios
567 1283 615 1322 et
640 1282 767 1322 terra
790 1274 916 1322 foret
940 1288 1185 1321 concussa
1208 1288 1445 1320 recessus.

234 1356 434 1420 Quippe
460 1355 628 1405 Defim
650 1355 916 1404 intulerant
939 1353 1105 1402 multis
1130 1363 1235 1402 tum
1259 1352 1457 1401 milibus
1481 1368 1617 1400 arma

234 1436 378 1485 Milia
399 1438 556 1485 multa
582 1435 760 1496 Defim,
790 1452 999 1499 quorum
1025 1435 1109 1498 qui
1132 1436 1265 1484 bella
1287 1442 1510 1483 moveret

234 1518 468 1578 Ultimus,
496 1527 769 1585 extremum
793 1517 1030 1566 claudens
1054 1516 1288 1580 inglorius
1314 1532 1505 1579 agmen,

233 1599 466 1659 AEtheris,
494 1598 634 1663 ignis,
661 1615 804 1662 aquae
828 1606 1022 1661 poterat
1046 1599 1386 1660 conprendere
1410 1614 1560 1661 regna

235 1683 486 1742 Inmensa,
514 1689 562 1730 et
587 1680 704 1730 totis
728 1697 781 1729 se
806 1696 993 1729 armare
1017 1679 1068 1727 in
1093 1680 1267 1742 proelia
1290 1679 1463 1728 mundi

234 1762 446 1812 Viribus.

504 1927 573 1974 At
598 1933 796 1988 quantae
820 1923 962 1984 vires,
989 1933 1039 1972 at
1064 1933 1248 1986 quanta
1272 1933 1492 1986 potestas

225 2004 460 2070 ‘Agminis
485 2004 730 2055 innumeri
754 2004 992 2054 ferventia
1014 2006 1149 2054 bella
1171 2004 1384 2068 gerentis

238 2087 485 2138 Hostibus
509 2087 815 2138 innumeris?
849 2097 1011 2136 totum
1037 2087 1341 2136 confundere
1367 2088 1558 2146 caelum,

237 2168 486 2219 AEtherias
510 2171 706 2219 turbare
729 2170 921 2228 domos,
949 2170 1192 2231 sedesque
1216 2170 1399 2217 beatas.

239 2249 373 2312 Quin
399 2260 448 2300 et
472 2251 735 2312 diruerant,
762 2250 813 2299 ni
838 2250 946 2299 caeli
972 2266 1033 2299 ex
1056 2267 1167 2318 arce
1194 2266 1422 2313 suprema

240 2333 358 2395 Ipse
382 2333 528 2381 Pater
551 2342 712 2381 tantas
736 2331 994 2395 pressisset
1017 2331 1220 2380 numine
1244 2331 1371 2380 vires

241 2409 574 2473 Omnipotens
598 2411 802 2474 irasque.
948 2412 977 2442 ’¹¹‘
1183 2412 1213 2441 ²1<
1420 2411 1449 2441 ἢ*

243 2492 275 2523 ιιι
479 2493 509 2523 ιιι
712 2493 742 2523 =x=
948 2493 978 2522 ιιι
1185 2493 1214 2522 =n=
1420 2493 1449 2521 ae

729 2655 907 2716 Neque
939 2652 1015 2702 his
1044 2654 1159 2716 fuga
1191 2663 1326 2713 nota,
1362 2668 1526 2714 neque
1552 2650 1659 2708 illis,

243 2735 361 2783 Non
386 2733 592 2783 retinere
616 2735 794 2797 pedem
820 2733 960 2797 pulsi,
988 2750 1090 2783 non
1115 2735 1291 2783 cedere
1316 2742 1457 2791 retro,
