2028 3230
735 247 895 283 LATIN
936 245 1201 281 ELEGIACS.
1586 246 1648 278 20
1659 245 1677 276 I

191 444 194 445 ⁷
237 376 350 424 -Me
375 374 504 422 male
528 373 662 421 lenta
685 386 824 420 mora
846 370 1165 433 languentem
1189 365 1340 416 taedia
1362 374 1556 425 vexant,

330 456 442 505 Nec
464 453 585 503 mihi
605 453 710 516 jam
733 451 848 502 vivo
872 450 1039 500 vivida
1058 449 1162 499 vita
1184 457 1354 499 manet
1374 467 1383 497 :

263 536 592 600 Deseruitque
616 551 788 586 senem
811 550 892 584 me
918 549 1045 598 speS,
1071 531 1331 594 visumque
1356 531 1526 582 fefellit

332 621 477 669 More
501 617 606 668 avis
629 619 773 679 alata,
800 632 905 666 non
932 614 1160 675 reditura,
1188 615 1316 677 fuga.

271 846 361 895 Eia
384 862 488 910 age,
511 847 714 908 jamque
739 843 814 892 cie
839 859 1029 902 vocem,
1056 843 1159 905 lyra
1182 849 1367 901 nostra,
1395 856 1691 904 supremam,

337 927 561 990 Qualiter
583 926 677 987 hic,
704 927 845 989 cujus
868 941 982 989 spes
1007 924 1248 988 periitque
1274 925 1403 972 salus
1426 926 1435 971 Ξ

266 1007 580 1072 Ῑᾶῐῐιᾳιιεςὶε
605 1024 803 1057 carmen
828 1006 1007 1056 summi
1032 1005 1289 1070 exequiale
1313 1004 1426 1065 diei,

338 1091 573 1153 Laxaque
597 1088 824 1139 dedoctis
850 1087 966 1137 inde
992 1087 1192 1151 quiesce
1217 1086 1381 1136 modis
1404 1091 1412 1135 Ξ

268 1173 347 1220 Tu
396 1187 609 1235 quoque,
660 1186 809 1234 quem
855 1171 1072 1219 tumulus
1114 1177 1250 1219 tenet
1298 1166 1692 1231 intempestivuS,
1768 1217 1773 1223 ,

409 1253 567 1303 amice

345 1335 563 1399 Optime,
589 1333 796 1384 fortunis
821 1334 927 1383 sole
951 1332 1167 1397 benigne
1192 1332 1329 1393 meiS,

278 1420 422 1478 Haec,
450 1433 637 1480 precor,
664 1414 879 1479 accipias
904 1414 1136 1464 memoris
1161 1416 1454 1463 munuscula
1478 1412 1616 1473 vatis,

347 1498 518 1564 Erepti
543 1514 570 1547 e
595 1497 751 1561 picea,
779 1506 829 1546 te
854 1497 994 1556 duce,
1023 1498 1156 1546 nube
1180 1495 1309 1544 mali.

282 1726 344 1773 In
368 1723 670 1788 paupertatis
696 1723 847 1772 sterili
872 1723 1099 1772 convalle
1124 1724 1362 1771 latentem

350 1807 438 1856 Me
462 1806 660 1855 nebulae
684 1806 894 1854 obscura
918 1803 1201 1853 circumiere
1226 1813 1371 1867 toga:

281 1887 470 1952 Saepius
493 1886 696 1937 intentis
720 1886 877 1935 oculis
901 1885 1106 1935 meliora
1130 1888 1378 1949 petebam,

352 1971 463 2019 Nec
486 1967 607 2017 mihi
630 1970 715 2016 lux
737 1969 882 2017 famae
907 1967 1228 2031 percipienda
1252 1966 1353 2015 fuit.

283 2051 432 2100 Visus
457 2067 525 2111 es,
550 2058 604 2098 ut
630 2049 863 2110 Phoebus,
892 2048 976 2112 qui
1000 2048 1270 2097 matutinus
1296 2048 1347 2096 in
1372 2048 1576 2097 aethram

350 2133 609 2182 Pellucens
633 2131 841 2180 nebulas
865 2139 1130 2180 extenuare
1156 2132 1281 2179 solet
1301 2149 1311 2178 ε

290 2215 416 2263 Mox
438 2212 529 2263 tibi
553 2221 869 2276 contemptus
893 2221 1045 2272 vates,
1074 2211 1165 2261 tibi
1191 2228 1392 2261 carmen
1419 2219 1611 2275 agreste

359 2296 398 2343 F
400 2294 569 2345 iebant
592 2294 773 2359 pariter
796 2294 968 2344 sedula
992 2310 1108 2342 cura
1132 2293 1269 2357 patri.

290 2532 505 2582 Tantula
529 2531 649 2594 quid
672 2531 823 2580 virtus
847 2532 944 2581 heu
965 2535 974 2580 Ξ
1011 2540 1235 2594 tempora
1259 2529 1481 2592 transigit
1506 2528 1611 2587 aevi,

362 2615 531 2676 Quum
553 2612 716 2676 vigeat
739 2612 875 2661 canis
900 2613 1043 2662 turba
1068 2611 1332 2660 inhonesta
1356 2610 1511 2659 comis
1529 2612 1551 2657 ?

295 2699 436 2746 Tene
460 2693 584 2744 mori
609 2693 788 2754 decuit,
815 2710 916 2757 quo
939 2710 1043 2743 non
1066 2693 1350 2758 generosior
1373 2693 1508 2750 alter,

368 2782 507 2828 Dum
530 2777 701 2827 solidae
724 2776 850 2826 vires
874 2777 1065 2840 flosque
1088 2775 1236 2825 virilis
1263 2776 1440 2824 erant?
