<?xml version="1.0" encoding="UTF-8"?>
<!DOCTYPE html PUBLIC "-//W3C//DTD XHTML 1.0 Transitional//EN"
    "http://www.w3.org/TR/xhtml1/DTD/xhtml1-transitional.dtd">
<html xmlns="http://www.w3.org/1999/xhtml" xml:lang="en" lang="en">
 <head>
  <title>
</title>
<meta http-equiv="Content-Type" content="text/html;charset=utf-8" />
  <meta name='ocr-system' content='tesseract 3.04.00' />
  <meta name='ocr-capabilities' content='ocr_page ocr_carea ocr_par ocr_line ocrx_word'/>
</head>
<body>
  <div class='ocr_page' id='page_1' title='image "./flosculicheltoni00jerruoft_0458.png"; bbox 0 0 2028 3230; ppageno 0'>
   <div class='ocr_carea' id='block_1_1' title="bbox 407 287 1256 332">
    <p class='ocr_par' dir='ltr' id='par_1_1' title="bbox 407 287 1256 332">
     <span class='ocr_line' id='line_1_1' title="bbox 407 287 1256 332; baseline 0.001 -13"><span class='ocrx_word' id='word_1_1' title='bbox 407 287 505 332; x_wconf 82' lang='lat'>430</span> <span class='ocrx_word' id='word_1_2' title='bbox 966 287 1256 321; x_wconf 83' lang='lat' dir='ltr'>IPHIGENIA.</span> 
     </span>
    </p>
   </div>
   <div class='ocr_carea' id='block_1_2' title="bbox 407 405 1826 2646">
    <p class='ocr_par' dir='ltr' id='par_1_2' title="bbox 409 405 1826 547">
     <span class='ocr_line' id='line_1_2' title="bbox 409 405 1826 470; baseline 0.002 -17"><span class='ocrx_word' id='word_1_3' title='bbox 409 408 537 454; x_wconf 91' lang='lat' dir='ltr'>Haec</span> <span class='ocrx_word' id='word_1_4' title='bbox 577 405 692 466; x_wconf 88' lang='lat' dir='ltr'>nati,</span> <span class='ocrx_word' id='word_1_5' title='bbox 735 406 842 455; x_wconf 89' lang='lat' dir='ltr'>haec</span> <span class='ocrx_word' id='word_1_6' title='bbox 883 408 1130 470; x_wconf 89' lang='lat' dir='ltr'>conjunx3</span> <span class='ocrx_word' id='word_1_7' title='bbox 1176 408 1330 455; x_wconf 90' lang='lat' dir='ltr'>multa</span> <span class='ocrx_word' id='word_1_8' title='bbox 1369 408 1486 455; x_wconf 53' lang='lat' dir='ltr'>haec&#39;*</span> <span class='ocrx_word' id='word_1_9' title='bbox 1513 423 1601 470; x_wconf 92' lang='lat' dir='ltr'>per</span> <span class='ocrx_word' id='word_1_10' title='bbox 1640 409 1826 456; x_wconf 79' lang='lat' dir='ltr'>saecula</span> 
     </span>
     <span class='ocr_line' id='line_1_3' title="bbox 540 486 718 547; baseline 0 -13"><span class='ocrx_word' id='word_1_11' title='bbox 540 486 718 547; x_wconf 88' lang='lat' dir='ltr'>vivent,</span> 
     </span>
    </p>

    <p class='ocr_par' dir='ltr' id='par_1_3' title="bbox 410 567 1631 631">
     <span class='ocr_line' id='line_1_4' title="bbox 410 567 1631 631; baseline 0.003 -17"><span class='ocrx_word' id='word_1_12' title='bbox 410 569 501 615; x_wconf 90' lang='lat' dir='ltr'>Illa</span> <span class='ocrx_word' id='word_1_13' title='bbox 525 568 612 616; x_wconf 90' lang='lat' dir='ltr'>sed</span> <span class='ocrx_word' id='word_1_14' title='bbox 636 567 826 630; x_wconf 84' lang='lat' dir='ltr'>angusti</span> <span class='ocrx_word' id='word_1_15' title='bbox 853 568 1062 631; x_wconf 82' lang='lat' dir='ltr'>excipiet</span> <span class='ocrx_word' id='word_1_16' title='bbox 1086 569 1239 617; x_wconf 90' lang='lat' dir='ltr'>modo</span> <span class='ocrx_word' id='word_1_17' title='bbox 1264 568 1500 617; x_wconf 88' lang='lat' dir='ltr'>terminus</span> <span class='ocrx_word' id='word_1_18' title='bbox 1525 568 1631 618; x_wconf 88' lang='lat' dir='ltr'>aevi.</span> 
     </span>
    </p>

    <p class='ocr_par' dir='ltr' id='par_1_4' title="bbox 407 649 1627 711">
     <span class='ocr_line' id='line_1_5' title="bbox 407 649 1627 711; baseline 0.003 -15"><span class='ocrx_word' id='word_1_19' title='bbox 407 651 487 708; x_wconf 88' lang='lat' dir='ltr'>At,</span> <span class='ocrx_word' id='word_1_20' title='bbox 514 658 664 711; x_wconf 88' lang='lat' dir='ltr'>pater,</span> <span class='ocrx_word' id='word_1_21' title='bbox 690 651 892 698; x_wconf 68' lang='lat' dir='ltr'>&#39;offensae</span> <span class='ocrx_word' id='word_1_22' title='bbox 917 651 1100 698; x_wconf 89' lang='lat' dir='ltr'>factum</span> <span class='ocrx_word' id='word_1_23' title='bbox 1124 651 1220 699; x_wconf 90' lang='lat' dir='ltr'>hoc</span> <span class='ocrx_word' id='word_1_24' title='bbox 1244 649 1457 699; x_wconf 80' lang='lat' dir='ltr'>laetabile</span> <span class='ocrx_word' id='word_1_25' title='bbox 1484 649 1627 700; x_wconf 88' lang='lat' dir='ltr'>Divae</span> 
     </span>
    </p>

    <p class='ocr_par' dir='ltr' id='par_1_5' title="bbox 409 729 1661 794">
     <span class='ocr_line' id='line_1_6' title="bbox 409 729 1661 794; baseline 0.002 -18"><span class='ocrx_word' id='word_1_26' title='bbox 409 729 663 778; x_wconf 91' lang='lat' dir='ltr'>Vaticinor</span> <span class='ocrx_word' id='word_1_27' title='bbox 686 730 914 790; x_wconf 89' lang='lat' dir='ltr'>moriens,</span> <span class='ocrx_word' id='word_1_28' title='bbox 943 739 991 779; x_wconf 89' lang='lat' dir='ltr'>et</span> <span class='ocrx_word' id='word_1_29' title='bbox 1016 740 1155 779; x_wconf 91' lang='lat' dir='ltr'>erunt</span> <span class='ocrx_word' id='word_1_30' title='bbox 1181 748 1266 779; x_wconf 89' lang='lat' dir='ltr'>sua</span> <span class='ocrx_word' id='word_1_31' title='bbox 1290 730 1490 794; x_wconf 89' lang='lat' dir='ltr'>praemia</span> <span class='ocrx_word' id='word_1_32' title='bbox 1513 731 1661 780; x_wconf 87' lang='lat' dir='ltr'>laudi.</span> 
     </span>
    </p>

    <p class='ocr_par' dir='ltr' id='par_1_6' title="bbox 410 811 1817 875">
     <span class='ocr_line' id='line_1_7' title="bbox 410 811 1817 875; baseline 0.002 -18"><span class='ocrx_word' id='word_1_33' title='bbox 410 813 557 858; x_wconf 89' lang='lat' dir='ltr'>Nunc</span> <span class='ocrx_word' id='word_1_34' title='bbox 583 827 780 873; x_wconf 87' lang='lat' dir='ltr'>quoque</span> <span class='ocrx_word' id='word_1_35' title='bbox 805 811 973 860; x_wconf 88' lang='lat' dir='ltr'>nescio</span> <span class='ocrx_word' id='word_1_36' title='bbox 999 828 1110 874; x_wconf 86' lang='lat' dir='ltr'>quae</span> <span class='ocrx_word' id='word_1_37' title='bbox 1134 820 1379 874; x_wconf 89' lang='lat' dir='ltr'>pertentat</span> <span class='ocrx_word' id='word_1_38' title='bbox 1404 812 1555 860; x_wconf 89' lang='lat' dir='ltr'>corda</span> <span class='ocrx_word' id='word_1_39' title='bbox 1577 813 1817 875; x_wconf 86' lang='lat' dir='ltr'>voluptas,</span> 
     </span>
    </p>

    <p class='ocr_par' dir='ltr' id='par_1_7' title="bbox 410 892 1484 956">
     <span class='ocr_line' id='line_1_8' title="bbox 410 892 1484 956; baseline 0.004 -18"><span class='ocrx_word' id='word_1_40' title='bbox 410 893 660 939; x_wconf 90' lang='lat' dir='ltr'>Pertentat</span> <span class='ocrx_word' id='word_1_41' title='bbox 685 908 869 952; x_wconf 90' lang='lat' dir='ltr'>sensus,</span> <span class='ocrx_word' id='word_1_42' title='bbox 896 892 1036 940; x_wconf 89' lang='lat' dir='ltr'>sortis</span> <span class='ocrx_word' id='word_1_43' title='bbox 1060 909 1278 956; x_wconf 87' lang='lat' dir='ltr'>praesaga</span> <span class='ocrx_word' id='word_1_44' title='bbox 1301 894 1484 942; x_wconf 83' lang='lat' dir='ltr'>futurae.</span> 
     </span>
    </p>

    <p class='ocr_par' dir='ltr' id='par_1_8' title="bbox 410 972 1816 1037">
     <span class='ocr_line' id='line_1_9' title="bbox 410 972 1816 1037; baseline 0.002 -18"><span class='ocrx_word' id='word_1_45' title='bbox 410 974 638 1034; x_wconf 81' lang='lat' dir='ltr'>Namque</span> <span class='ocrx_word' id='word_1_46' title='bbox 662 972 781 1019; x_wconf 90' lang='lat' dir='ltr'>mihi</span> <span class='ocrx_word' id='word_1_47' title='bbox 807 974 870 1022; x_wconf 89' lang='lat' dir='ltr'>ad</span> <span class='ocrx_word' id='word_1_48' title='bbox 895 974 1179 1034; x_wconf 83' lang='lat' dir='ltr'><strong>thalamum,</strong></span> <span class='ocrx_word' id='word_1_49' title='bbox 1207 974 1332 1023; x_wconf 86' lang='lat' dir='ltr'>curis</span> <span class='ocrx_word' id='word_1_50' title='bbox 1357 991 1456 1037; x_wconf 92' lang='lat' dir='ltr'>quo</span> <span class='ocrx_word' id='word_1_51' title='bbox 1479 974 1607 1023; x_wconf 86' lang='lat' dir='ltr'>fessa</span> <span class='ocrx_word' id='word_1_52' title='bbox 1631 974 1816 1022; x_wconf 90' lang='lat' dir='ltr'>diurnis</span> 
     </span>
    </p>

    <p class='ocr_par' dir='ltr' id='par_1_9' title="bbox 413 1054 1667 1117">
     <span class='ocr_line' id='line_1_10' title="bbox 413 1054 1667 1117; baseline 0.002 -17"><span class='ocrx_word' id='word_1_53' title='bbox 413 1055 618 1101; x_wconf 84' lang='lat' dir='ltr'>Pectora</span> <span class='ocrx_word' id='word_1_54' title='bbox 642 1069 842 1101; x_wconf 87' lang='lat' dir='ltr'>somnus</span> <span class='ocrx_word' id='word_1_55' title='bbox 867 1054 1031 1114; x_wconf 85' lang='lat' dir='ltr'>habet,</span> <span class='ocrx_word' id='word_1_56' title='bbox 1059 1055 1263 1117; x_wconf 89' lang='lat' dir='ltr'>durique</span> <span class='ocrx_word' id='word_1_57' title='bbox 1289 1055 1471 1104; x_wconf 89' lang='lat' dir='ltr'>oblivia</span> <span class='ocrx_word' id='word_1_58' title='bbox 1493 1057 1667 1115; x_wconf 84' lang='lat' dir='ltr'>luctus,</span> 
     </span>
    </p>

    <p class='ocr_par' dir='ltr' id='par_1_10' title="bbox 408 1133 1665 1198">
     <span class='ocr_line' id='line_1_11' title="bbox 408 1133 1665 1198; baseline 0.003 -18"><span class='ocrx_word' id='word_1_59' title='bbox 408 1136 507 1181; x_wconf 75' lang='lat' dir='ltr'>Ant</span> <span class='ocrx_word' id='word_1_60' title='bbox 533 1133 664 1182; x_wconf 90' lang='lat' dir='ltr'>stetit</span> <span class='ocrx_word' id='word_1_61' title='bbox 689 1143 771 1182; x_wconf 91' lang='lat' dir='ltr'>aut</span> <span class='ocrx_word' id='word_1_62' title='bbox 795 1134 900 1182; x_wconf 89' lang='lat' dir='ltr'>visa</span> <span class='ocrx_word' id='word_1_63' title='bbox 925 1145 1011 1195; x_wconf 87' lang='lat' dir='ltr'>est,</span> <span class='ocrx_word' id='word_1_64' title='bbox 1039 1136 1237 1198; x_wconf 89' lang='lat' dir='ltr'>placido</span> <span class='ocrx_word' id='word_1_65' title='bbox 1264 1135 1474 1184; x_wconf 83' lang='lat' dir='ltr'>Latonia</span> <span class='ocrx_word' id='word_1_66' title='bbox 1497 1137 1633 1184; x_wconf 88' lang='lat' dir='ltr'>vultu</span> <span class='ocrx_word' id='word_1_67' title='bbox 1650 1153 1665 1196; x_wconf 92' lang='lat'><em>3</em></span> 
     </span>
    </p>

    <p class='ocr_par' dir='ltr' id='par_1_11' title="bbox 414 1214 1776 1279">
     <span class='ocr_line' id='line_1_12' title="bbox 414 1214 1776 1279; baseline 0.002 -18"><span class='ocrx_word' id='word_1_68' title='bbox 414 1219 424 1238; x_wconf 85' lang='lat'>‘</span> <span class='ocrx_word' id='word_1_69' title='bbox 442 1216 622 1276; x_wconf 87' lang='lat' dir='ltr'>Surge,&#39;</span> <span class='ocrx_word' id='word_1_70' title='bbox 649 1214 716 1262; x_wconf 91' lang='lat' dir='ltr'>ait</span> <span class='ocrx_word' id='word_1_71' title='bbox 744 1219 755 1239; x_wconf 87' lang='lat'>‘</span> <span class='ocrx_word' id='word_1_72' title='bbox 773 1214 1047 1279; x_wconf 86' lang='lat' dir='ltr'>Iphigenia,</span> <span class='ocrx_word' id='word_1_73' title='bbox 1074 1233 1273 1266; x_wconf 91' lang='lat' dir='ltr'>omnem</span> <span class='ocrx_word' id='word_1_74' title='bbox 1298 1216 1744 1266; x_wconf 37' lang='lat' dir='ltr'>secludevtimorem</span> <span class='ocrx_word' id='word_1_75' title='bbox 1763 1234 1776 1276; x_wconf 90' lang='lat'><em>3</em></span> 
     </span>
    </p>

    <p class='ocr_par' dir='ltr' id='par_1_12' title="bbox 412 1294 1820 1423">
     <span class='ocr_line' id='line_1_13' title="bbox 412 1294 1820 1360; baseline 0.003 -18"><span class='ocrx_word' id='word_1_76' title='bbox 412 1297 592 1342; x_wconf 87' lang='lat' dir='ltr'>Nostra</span> <span class='ocrx_word' id='word_1_77' title='bbox 648 1295 739 1343; x_wconf 88' lang='lat' dir='ltr'>eris</span> <span class='ocrx_word' id='word_1_78' title='bbox 790 1294 916 1359; x_wconf 90' lang='lat' dir='ltr'>(haec</span> <span class='ocrx_word' id='word_1_79' title='bbox 963 1296 1051 1344; x_wconf 92' lang='lat' dir='ltr'>tibi</span> <span class='ocrx_word' id='word_1_80' title='bbox 1098 1298 1197 1344; x_wconf 88' lang='lat' dir='ltr'>fata</span> <span class='ocrx_word' id='word_1_81' title='bbox 1251 1295 1452 1360; x_wconf 89' lang='lat' dir='ltr'>canunt)</span> <span class='ocrx_word' id='word_1_82' title='bbox 1500 1306 1820 1359; x_wconf 90' lang='lat' dir='ltr'>nostrumque</span> 
     </span>
     <span class='ocr_line' id='line_1_14' title="bbox 544 1376 1636 1423; baseline 0.003 -1"><span class='ocrx_word' id='word_1_83' title='bbox 544 1376 772 1423; x_wconf 85' lang='lat' dir='ltr'>sacerdos</span> <span class='ocrx_word' id='word_1_84' title='bbox 1624 1376 1636 1386; x_wconf 71' lang='grc'>“</span> 
     </span>
    </p>

    <p class='ocr_par' dir='ltr' id='par_1_13' title="bbox 412 1457 1750 1521">
     <span class='ocr_line' id='line_1_15' title="bbox 412 1457 1750 1521; baseline 0.002 -17"><span class='ocrx_word' id='word_1_85' title='bbox 412 1458 560 1504; x_wconf 89' lang='lat' dir='ltr'>Casta</span> <span class='ocrx_word' id='word_1_86' title='bbox 585 1457 718 1504; x_wconf 89' lang='lat' dir='ltr'>coles</span> <span class='ocrx_word' id='word_1_87' title='bbox 742 1457 982 1518; x_wconf 89' lang='lat' dir='ltr'>templum</span> <span class='ocrx_word' id='word_1_88' title='bbox 999 1474 1014 1517; x_wconf 98' lang='lat'><em>3</em></span> <span class='ocrx_word' id='word_1_89' title='bbox 1049 1473 1146 1519; x_wconf 90' lang='lat' dir='ltr'>qua</span> <span class='ocrx_word' id='word_1_90' title='bbox 1170 1459 1292 1506; x_wconf 83' lang='lat' dir='ltr'>caelo</span> <span class='ocrx_word' id='word_1_91' title='bbox 1318 1457 1495 1506; x_wconf 88' lang='lat' dir='ltr'>emissa</span> <span class='ocrx_word' id='word_1_92' title='bbox 1518 1457 1750 1521; x_wconf 91' lang='lat' dir='ltr'>benigno,</span> 
     </span>
    </p>

    <p class='ocr_par' dir='ltr' id='par_1_14' title="bbox 412 1537 1482 1599">
     <span class='ocr_line' id='line_1_16' title="bbox 412 1537 1482 1599; baseline 0.004 -16"><span class='ocrx_word' id='word_1_93' title='bbox 412 1537 607 1599; x_wconf 87' lang='lat' dir='ltr'>Effigies</span> <span class='ocrx_word' id='word_1_94' title='bbox 633 1538 755 1584; x_wconf 88' lang='lat' dir='ltr'>latas</span> <span class='ocrx_word' id='word_1_95' title='bbox 781 1546 939 1586; x_wconf 90' lang='lat' dir='ltr'>servat</span> <span class='ocrx_word' id='word_1_96' title='bbox 962 1554 1073 1587; x_wconf 89' lang='lat' dir='ltr'>mea</span> <span class='ocrx_word' id='word_1_97' title='bbox 1097 1538 1297 1587; x_wconf 89' lang='lat' dir='ltr'>numine</span> <span class='ocrx_word' id='word_1_98' title='bbox 1322 1547 1482 1587; x_wconf 89' lang='lat' dir='ltr'>terras.</span> 
     </span>
    </p>

    <p class='ocr_par' dir='ltr' id='par_1_15' title="bbox 408 1617 1795 1683">
     <span class='ocr_line' id='line_1_17' title="bbox 408 1617 1795 1683; baseline 0.002 -19"><span class='ocrx_word' id='word_1_99' title='bbox 408 1620 499 1665; x_wconf 79' lang='lat' dir='ltr'>Ast</span> <span class='ocrx_word' id='word_1_100' title='bbox 524 1617 675 1665; x_wconf 88' lang='lat' dir='ltr'>invita</span> <span class='ocrx_word' id='word_1_101' title='bbox 697 1634 862 1666; x_wconf 91' lang='lat' dir='ltr'>moror</span> <span class='ocrx_word' id='word_1_102' title='bbox 876 1637 889 1679; x_wconf 91' lang='lat'><em>3</em></span> <span class='ocrx_word' id='word_1_103' title='bbox 927 1620 1081 1667; x_wconf 90' lang='lat' dir='ltr'>multa</span> <span class='ocrx_word' id='word_1_104' title='bbox 1104 1620 1199 1668; x_wconf 91' lang='lat' dir='ltr'>heu</span> <span class='ocrx_word' id='word_1_105' title='bbox 1219 1622 1228 1667; x_wconf 79' lang='lat'>1</span> <span class='ocrx_word' id='word_1_106' title='bbox 1265 1619 1386 1667; x_wconf 91' lang='lat' dir='ltr'>mihi</span> <span class='ocrx_word' id='word_1_107' title='bbox 1410 1621 1578 1668; x_wconf 88' lang='lat' dir='ltr'>funera</span> <span class='ocrx_word' id='word_1_108' title='bbox 1599 1618 1795 1683; x_wconf 88' lang='lat' dir='ltr'>passim,</span> 
     </span>
    </p>

    <p class='ocr_par' dir='ltr' id='par_1_16' title="bbox 409 1699 1563 1763">
     <span class='ocr_line' id='line_1_18' title="bbox 409 1699 1563 1763; baseline 0.003 -19"><span class='ocrx_word' id='word_1_109' title='bbox 409 1699 470 1744; x_wconf 90' lang='lat' dir='ltr'>Et</span> <span class='ocrx_word' id='word_1_110' title='bbox 495 1699 674 1745; x_wconf 89' lang='lat' dir='ltr'>multus</span> <span class='ocrx_word' id='word_1_111' title='bbox 700 1700 913 1747; x_wconf 89' lang='lat' dir='ltr'>maculat</span> <span class='ocrx_word' id='word_1_112' title='bbox 937 1700 1122 1748; x_wconf 88' lang='lat' dir='ltr'>foedata</span> <span class='ocrx_word' id='word_1_113' title='bbox 1145 1699 1314 1748; x_wconf 88' lang='lat' dir='ltr'>altaria</span> <span class='ocrx_word' id='word_1_114' title='bbox 1339 1699 1534 1763; x_wconf 90' lang='lat' dir='ltr'>sanguis</span> <span class='ocrx_word' id='word_1_115' title='bbox 1554 1719 1563 1748; x_wconf 92' lang='lat'>:</span> 
     </span>
    </p>

    <p class='ocr_par' dir='ltr' id='par_1_17' title="bbox 412 1778 1643 1843">
     <span class='ocr_line' id='line_1_19' title="bbox 412 1778 1643 1843; baseline 0.003 -19"><span class='ocrx_word' id='word_1_116' title='bbox 412 1778 512 1825; x_wconf 89' lang='lat' dir='ltr'>Hic</span> <span class='ocrx_word' id='word_1_117' title='bbox 538 1778 625 1826; x_wconf 88' lang='lat' dir='ltr'>tibi</span> <span class='ocrx_word' id='word_1_118' title='bbox 651 1780 886 1827; x_wconf 88' lang='lat' dir='ltr'>fraternos</span> <span class='ocrx_word' id='word_1_119' title='bbox 911 1779 1106 1828; x_wconf 90' lang='lat' dir='ltr'>dabitur</span> <span class='ocrx_word' id='word_1_120' title='bbox 1129 1796 1426 1843; x_wconf 87' lang='lat' dir='ltr'>cognoscere</span> <span class='ocrx_word' id='word_1_121' title='bbox 1450 1781 1611 1828; x_wconf 92' lang='lat' dir='ltr'>vultus</span> <span class='ocrx_word' id='word_1_122' title='bbox 1629 1798 1643 1841; x_wconf 89' lang='lat'><em>3</em></span> 
     </span>
    </p>

    <p class='ocr_par' dir='ltr' id='par_1_18' title="bbox 414 1858 1668 1923">
     <span class='ocr_line' id='line_1_20' title="bbox 414 1858 1668 1923; baseline 0.003 -19"><span class='ocrx_word' id='word_1_123' title='bbox 414 1859 529 1905; x_wconf 91' lang='lat' dir='ltr'>Non</span> <span class='ocrx_word' id='word_1_124' title='bbox 554 1858 733 1907; x_wconf 86' lang='lat' dir='ltr'>vidisse</span> <span class='ocrx_word' id='word_1_125' title='bbox 757 1861 894 1908; x_wconf 87' lang='lat' dir='ltr'>voles</span> <span class='ocrx_word' id='word_1_126' title='bbox 913 1877 927 1919; x_wconf 91' lang='lat'><em>3</em></span> <span class='ocrx_word' id='word_1_127' title='bbox 962 1861 1058 1908; x_wconf 91' lang='lat' dir='ltr'>heu</span> <span class='ocrx_word' id='word_1_128' title='bbox 1079 1864 1087 1908; x_wconf 80' lang='lat'>1</span> <span class='ocrx_word' id='word_1_129' title='bbox 1124 1860 1230 1908; x_wconf 88' lang='lat' dir='ltr'>dira</span> <span class='ocrx_word' id='word_1_130' title='bbox 1253 1860 1467 1923; x_wconf 89' lang='lat' dir='ltr'>pericula</span> <span class='ocrx_word' id='word_1_131' title='bbox 1492 1863 1668 1910; x_wconf 83' lang='lat' dir='ltr'>cerno!</span> 
     </span>
    </p>

    <p class='ocr_par' dir='ltr' id='par_1_19' title="bbox 414 1939 1670 2002">
     <span class='ocr_line' id='line_1_21' title="bbox 414 1939 1670 2002; baseline 0.003 -17"><span class='ocrx_word' id='word_1_132' title='bbox 414 1940 581 1986; x_wconf 88' lang='lat' dir='ltr'>Frater</span> <span class='ocrx_word' id='word_1_133' title='bbox 606 1939 897 2002; x_wconf 89' lang='lat' dir='ltr'>sanguineas</span> <span class='ocrx_word' id='word_1_134' title='bbox 923 1949 1018 1988; x_wconf 88' lang='lat' dir='ltr'>stat</span> <span class='ocrx_word' id='word_1_135' title='bbox 1037 1942 1142 2002; x_wconf 89' lang='lat' dir='ltr'>jam</span> <span class='ocrx_word' id='word_1_136' title='bbox 1166 1940 1424 1989; x_wconf 88' lang='lat' dir='ltr'>moriturus</span> <span class='ocrx_word' id='word_1_137' title='bbox 1448 1942 1511 1989; x_wconf 89' lang='lat' dir='ltr'>ad</span> <span class='ocrx_word' id='word_1_138' title='bbox 1535 1943 1670 1988; x_wconf 74' lang='lat' dir='ltr'>aras!</span> 
     </span>
    </p>

    <p class='ocr_par' dir='ltr' id='par_1_20' title="bbox 413 2021 1720 2085">
     <span class='ocr_line' id='line_1_22' title="bbox 413 2021 1720 2085; baseline 0.004 -19"><span class='ocrx_word' id='word_1_139' title='bbox 413 2021 703 2068; x_wconf 86' lang='lat' dir='ltr'>Tantaleam</span> <span class='ocrx_word' id='word_1_140' title='bbox 728 2021 807 2069; x_wconf 92' lang='lat' dir='ltr'>hic</span> <span class='ocrx_word' id='word_1_141' title='bbox 831 2021 1006 2070; x_wconf 87' lang='lat' dir='ltr'>iterum</span> <span class='ocrx_word' id='word_1_142' title='bbox 1030 2039 1268 2085; x_wconf 88' lang='lat' dir='ltr'>generosa</span> <span class='ocrx_word' id='word_1_143' title='bbox 1286 2025 1484 2072; x_wconf 88' lang='lat' dir='ltr'>tuebere</span> <span class='ocrx_word' id='word_1_144' title='bbox 1508 2031 1720 2085; x_wconf 87' lang='lat' dir='ltr'>gentem,</span> 
     </span>
    </p>

    <p class='ocr_par' dir='ltr' id='par_1_21' title="bbox 415 2100 1594 2151">
     <span class='ocr_line' id='line_1_23' title="bbox 415 2100 1594 2151; baseline 0.003 -4"><span class='ocrx_word' id='word_1_145' title='bbox 415 2100 516 2147; x_wconf 91' lang='lat' dir='ltr'>Hic</span> <span class='ocrx_word' id='word_1_146' title='bbox 541 2100 715 2148; x_wconf 88' lang='lat' dir='ltr'>iterum</span> <span class='ocrx_word' id='word_1_147' title='bbox 741 2103 922 2149; x_wconf 91' lang='lat' dir='ltr'>claram</span> <span class='ocrx_word' id='word_1_148' title='bbox 947 2104 1089 2151; x_wconf 91' lang='lat' dir='ltr'>tolles</span> <span class='ocrx_word' id='word_1_149' title='bbox 1114 2103 1177 2151; x_wconf 88' lang='lat' dir='ltr'>ad</span> <span class='ocrx_word' id='word_1_150' title='bbox 1203 2102 1362 2151; x_wconf 88' lang='lat' dir='ltr'>sidera</span> <span class='ocrx_word' id='word_1_151' title='bbox 1385 2103 1594 2151; x_wconf 88' lang='lat' dir='ltr'>laudem.</span> 
     </span>
    </p>

    <p class='ocr_par' dir='ltr' id='par_1_22' title="bbox 414 2180 1675 2244">
     <span class='ocr_line' id='line_1_24' title="bbox 414 2180 1675 2244; baseline 0.004 -17"><span class='ocrx_word' id='word_1_152' title='bbox 414 2182 521 2228; x_wconf 92' lang='lat' dir='ltr'>Nec</span> <span class='ocrx_word' id='word_1_153' title='bbox 546 2180 675 2239; x_wconf 82' lang='lat' dir='ltr'>satis,</span> <span class='ocrx_word' id='word_1_154' title='bbox 703 2190 753 2228; x_wconf 93' lang='lat' dir='ltr'>at</span> <span class='ocrx_word' id='word_1_155' title='bbox 778 2194 957 2230; x_wconf 78' lang='lat' dir='ltr'>nostrae</span> <span class='ocrx_word' id='word_1_156' title='bbox 983 2182 1071 2230; x_wconf 88' lang='lat' dir='ltr'>tibi</span> <span class='ocrx_word' id='word_1_157' title='bbox 1096 2182 1185 2230; x_wconf 91' lang='lat' dir='ltr'>erit</span> <span class='ocrx_word' id='word_1_158' title='bbox 1209 2182 1478 2231; x_wconf 89' lang='lat' dir='ltr'>reverentia</span> <span class='ocrx_word' id='word_1_159' title='bbox 1502 2184 1644 2232; x_wconf 87' lang='lat' dir='ltr'>famae</span> <span class='ocrx_word' id='word_1_160' title='bbox 1661 2203 1675 2244; x_wconf 93' lang='lat'><em>3</em></span> 
     </span>
    </p>

    <p class='ocr_par' dir='ltr' id='par_1_23' title="bbox 416 2259 1607 2324">
     <span class='ocr_line' id='line_1_25' title="bbox 416 2259 1607 2324; baseline 0.003 -16"><span class='ocrx_word' id='word_1_161' title='bbox 416 2259 637 2323; x_wconf 89' lang='lat' dir='ltr'>Effigiem</span> <span class='ocrx_word' id='word_1_162' title='bbox 663 2261 835 2323; x_wconf 88' lang='lat' dir='ltr'>eripies</span> <span class='ocrx_word' id='word_1_163' title='bbox 861 2263 1161 2324; x_wconf 86' lang='lat' dir='ltr'>penetralem</span> <span class='ocrx_word' id='word_1_164' title='bbox 1186 2279 1246 2311; x_wconf 88' lang='lat' dir='ltr'>ex</span> <span class='ocrx_word' id='word_1_165' title='bbox 1270 2262 1458 2311; x_wconf 89' lang='lat' dir='ltr'>aedibus</span> <span class='ocrx_word' id='word_1_166' title='bbox 1482 2262 1607 2324; x_wconf 92' lang='lat' dir='ltr'>imis,</span> 
     </span>
    </p>

    <p class='ocr_par' dir='ltr' id='par_1_24' title="bbox 413 2341 1563 2404">
     <span class='ocr_line' id='line_1_26' title="bbox 413 2341 1563 2404; baseline 0.003 -16"><span class='ocrx_word' id='word_1_167' title='bbox 413 2341 589 2389; x_wconf 87' lang='lat' dir='ltr'>Fratris</span> <span class='ocrx_word' id='word_1_168' title='bbox 615 2350 662 2390; x_wconf 90' lang='lat' dir='ltr'>et</span> <span class='ocrx_word' id='word_1_169' title='bbox 686 2341 867 2389; x_wconf 86' lang='lat' dir='ltr'>auxilio</span> <span class='ocrx_word' id='word_1_170' title='bbox 894 2350 1124 2403; x_wconf 85' lang='lat' dir='ltr'>ereptam,</span> <span class='ocrx_word' id='word_1_171' title='bbox 1152 2342 1370 2404; x_wconf 88' lang='lat' dir='ltr'>sociique</span> <span class='ocrx_word' id='word_1_172' title='bbox 1392 2343 1563 2402; x_wconf 89' lang='lat' dir='ltr'>fidelis,</span> 
     </span>
    </p>

    <p class='ocr_par' dir='ltr' id='par_1_25' title="bbox 413 2421 1638 2487">
     <span class='ocr_line' id='line_1_27' title="bbox 413 2421 1638 2487; baseline 0.003 -18"><span class='ocrx_word' id='word_1_173' title='bbox 413 2423 493 2469; x_wconf 91' lang='lat' dir='ltr'>Ad</span> <span class='ocrx_word' id='word_1_174' title='bbox 517 2421 726 2484; x_wconf 88' lang='lat' dir='ltr'>patrium</span> <span class='ocrx_word' id='word_1_175' title='bbox 751 2422 951 2469; x_wconf 86' lang='lat' dir='ltr'>tandem</span> <span class='ocrx_word' id='word_1_176' title='bbox 976 2422 1127 2470; x_wconf 90' lang='lat' dir='ltr'>duces</span> <span class='ocrx_word' id='word_1_177' title='bbox 1152 2421 1401 2470; x_wconf 79' lang='lat' dir='ltr'>laetissima</span> <span class='ocrx_word' id='word_1_178' title='bbox 1424 2440 1638 2487; x_wconf 90' lang='lat' dir='ltr'>regnum.</span> 
     </span>
    </p>

    <p class='ocr_par' dir='ltr' id='par_1_26' title="bbox 414 2501 1663 2568">
     <span class='ocr_line' id='line_1_28' title="bbox 414 2501 1663 2568; baseline 0.003 -18"><span class='ocrx_word' id='word_1_179' title='bbox 414 2502 727 2565; x_wconf 20' lang='lat' dir='ltr'>Redffditaque</span> <span class='ocrx_word' id='word_1_180' title='bbox 751 2501 826 2549; x_wconf 86' lang='lat' dir='ltr'>his</span> <span class='ocrx_word' id='word_1_181' title='bbox 850 2501 1060 2564; x_wconf 89' lang='lat' dir='ltr'>primum</span> <span class='ocrx_word' id='word_1_182' title='bbox 1085 2502 1236 2562; x_wconf 87' lang='lat' dir='ltr'>terris,</span> <span class='ocrx_word' id='word_1_183' title='bbox 1264 2503 1481 2552; x_wconf 89' lang='lat' dir='ltr'>inmania</span> <span class='ocrx_word' id='word_1_184' title='bbox 1505 2522 1663 2568; x_wconf 90' lang='lat' dir='ltr'>pones</span> 
     </span>
    </p>

    <p class='ocr_par' dir='ltr' id='par_1_27' title="bbox 414 2582 1756 2646">
     <span class='ocr_line' id='line_1_29' title="bbox 414 2582 1756 2646; baseline 0.002 -15"><span class='ocrx_word' id='word_1_185' title='bbox 414 2584 623 2645; x_wconf 88' lang='lat' dir='ltr'>Templa</span> <span class='ocrx_word' id='word_1_186' title='bbox 645 2582 776 2642; x_wconf 89' lang='lat' dir='ltr'>mihi,</span> <span class='ocrx_word' id='word_1_187' title='bbox 804 2592 951 2646; x_wconf 86' lang='lat' dir='ltr'>gratae</span> <span class='ocrx_word' id='word_1_188' title='bbox 976 2592 1209 2632; x_wconf 89' lang='lat' dir='ltr'>aeternum</span> <span class='ocrx_word' id='word_1_189' title='bbox 1234 2595 1553 2635; x_wconf 89' lang='lat' dir='ltr'>monumenta</span> <span class='ocrx_word' id='word_1_190' title='bbox 1576 2586 1756 2635; x_wconf 86' lang='lat' dir='ltr'>salutis.</span> 
     </span>
    </p>
   </div>
   <div class='ocr_carea' id='block_1_3' title="bbox 330 2661 1822 2730">
    <p class='ocr_par' dir='ltr' id='par_1_28' title="bbox 330 2661 1822 2730">
     <span class='ocr_line' id='line_1_30' title="bbox 330 2661 1822 2730; baseline 0.003 -20"><span class='ocrx_word' id='word_1_191' title='bbox 330 2661 334 2664; x_wconf 77' lang='grc'><strong>’</strong></span> <span class='ocrx_word' id='word_1_192' title='bbox 416 2665 565 2710; x_wconf 89' lang='lat' dir='ltr'>Hanc</span> <span class='ocrx_word' id='word_1_193' title='bbox 606 2664 767 2712; x_wconf 88' lang='lat' dir='ltr'>colere</span> <span class='ocrx_word' id='word_1_194' title='bbox 800 2665 928 2712; x_wconf 88' lang='lat' dir='ltr'>hanc</span> <span class='ocrx_word' id='word_1_195' title='bbox 968 2664 1126 2712; x_wconf 86' lang='lat' dir='ltr'>aedem</span> <span class='ocrx_word' id='word_1_196' title='bbox 1168 2666 1363 2728; x_wconf 88' lang='lat' dir='ltr'>templis</span> <span class='ocrx_word' id='word_1_197' title='bbox 1399 2666 1552 2730; x_wconf 88' lang='lat' dir='ltr'>magis</span> <span class='ocrx_word' id='word_1_198' title='bbox 1593 2665 1822 2715; x_wconf 90' lang='lat' dir='ltr'>omnibus</span> 
     </span>
    </p>
   </div>
   <div class='ocr_carea' id='block_1_4' title="bbox 550 2760 697 2792">
    <p class='ocr_par' dir='ltr' id='par_1_29' title="bbox 550 2760 697 2792">
     <span class='ocr_line' id='line_1_31' title="bbox 550 2760 697 2792; baseline -0.007 0"><span class='ocrx_word' id='word_1_199' title='bbox 550 2761 578 2792; x_wconf 90' lang='lat' dir='ltr'>U</span> <span class='ocrx_word' id='word_1_200' title='bbox 585 2760 697 2792; x_wconf 77' lang='lat' dir='ltr'>nam</span> 
     </span>
    </p>
   </div>
  </div>
 </body>
</html>
