2028 3230
671 240 851 276 GREEK
887 241 1256 276 HEXAMETERS.
1620 233 1682 294 89

257 358 482 427 τηλόθεν
506 360 561 415 ἐν
583 360 836 429 βήσσῃσι
860 358 1174 413 τινάσσεται
1200 360 1534 429 Οὐλύμποιο,

255 442 535 517 χρυσείους
561 442 616 496 δὲ
641 441 828 508 δόμους
853 443 1071 496 πυκινὸν
1095 442 1248 514 νέφος
1273 443 1664 515 ἀμφιβέβηκεν,

257 524 466 588 καλοὺς,
496 525 616 583 τοὺς
640 525 765 597 περὶ
788 529 917 594 «γαῖα
943 524 1218 593 παναυὙὴς
1245 525 1622 596 ἐστεφάνωται·

257 612 367 667 τοῖς
393 607 466 662 ε’νὶ
491 608 800 680 τερπόμενοι
825 606 1058 676 μάκαρες
1083 609 1315 677 «γελόωσι
1342 607 1501 678 φίλον
1527 613 1624 681 κῆρ

255 692 451 760 ἥμενοι,
478 690 678 744 ἄλλοτε
702 692 798 756 μὲν
822 691 1002 763 χώρας
1029 690 1276 763 ὁρόωντες
1303 691 1524 763 ἐρήμους

258 773 459 827 ἄλλοτε
483 772 528 827 δ’
554 774 622 827 αὖ
645 773 798 841 «γαίης
825 773 1037 838 ἐνόσεις,
1067 772 1227 840 ὀλοήν
1252 772 1296 828 τ’
1325 774 1596 847 ἐρυσίβην,

256 857 417 926 λιμὸν
442 856 574 926 ὁμοῦ
598 857 687 910 καὶ
711 858 914 925 λοιμὸν,
937 855 1220 928 ἀθέσφατα
1248 857 1455 922 κύματα
1473 859 1687 920 πόντου,

258 939 481 1006 ἀζαλέας
503 938 548 992 θ’
566 939 678 1008 ἅμα
694 939 782 993 καὶ
798 938 1105 1011 ψαμάθους,
1125 940 1363 1008 πόλεμόν
1384 963 1442 994 τε
1462 940 1686 1014 δυσηχῆ,

258 1022 544 1091 οὐλομένας
597 1020 611 1039 ’
631 1021 743 1091 ἅμα
768 1022 923 1088 νηυσὶ
949 1021 1147 1084 πόλειςἾ
1176 1022 1358 1095 χεῖράς
1386 1022 1430 1075 θ’
1455 1024 1687 1078 ἱκετάων·

258 1104 404 1160 ταῦτ’
424 1105 528 1175 ἄρα
554 1105 850 1175 δερκόμενοι
873 1105 1104 1175 μάκαρες
1129 1105 1362 1172 ’γελόωσι
1388 1105 1548 1178 φίλον
1573 1111 1687 1180 κῆρ,

258 1188 508 1254 ἀσπασίη
532 1188 635 1258 ’γὰρ
661 1192 834 1243 τοῖσιν
859 1188 1011 1253 ἀοιδὴ
1038 1188 1282 1261 φαίνεται
1309 1189 1525 1260 ἀνδρῶν,

259 1272 373 1327 αἰὲν
397 1270 821 1346 ἀποθρώσκουσ’,
850 1272 897 1326 εἰ
921 1271 1008 1325 καὶ
1033 1273 1400 1345 χαλεπωτάτη
1427 1274 1588 1337 ἐστὶν,

259 1355 450 1424 ἄλκγεος
475 1354 676 1424 οἰμωγὴ
703 1355 1037 1427 κακοερὙείης
1063 1377 1119 1408 τε
1144 1359 1396 1422 παλαιῆς,

261 1437 395 1492 ὡσεί
414 1460 493 1497 τις
518 1437 738 1492 ἐπέεσσι
763 1442 981 1496 πυκνοῖς
1007 1439 1276 1506 ἀνεμώλια
1299 1439 1473 1506 βάζοι·

259 1520 328 1577 ὣς
353 1522 456 1590 ἄρα
483 1519 607 1591 φῦλ’
634 1521 836 1588 ἀνδρῶν
862 1521 1197 1592 ὀλοφύρεται,
1228 1519 1322 1574 οἵτ’
1351 1522 1596 1594 ἀρόωσιν,

259 1603 350 1671 ἠδὲ
376 1603 692 1675 φυτεύουσιν
715 1604 905 1676 χερσὶν
931 1602 1110 1672 φυτὸν,
1138 1601 1217 1670 ἠδ’
1243 1605 1469 1671 ἀμῶσιν,

260 1686 507 1744 ἐνδυκέως
532 1686 814 1755 κάμνοντες
840 1685 922 1740 ἀεὶ
948 1687 1194 1751 τετληότι
1221 1686 1382 1757 θυμῷ,

261 1771 316 1824 ἐν
341 1768 384 1823 δ’
411 1769 516 1840 ἄρα
541 1769 682 1839 δῶρα
709 1769 839 1823 θεῶν
866 1768 1138 1835 ἐπετήσια,
1167 1769 1281 1822 ὅττι
1307 1768 1508 1834 διδοῖεν,

260 1852 395 1910 οἶνος
420 1853 790 1926 ἐριστάφυλος,
818 1857 964 1909 σῖτος
989 1850 1034 1904 τ’
1060 1850 1139 1919 ἠδ’
1169 1852 1330 1925 ὑγρὸν
1356 1853 1544 1908 ἔλαιον

261 1940 428 1991 κεῖται
454 1935 528 1990 ἐνὶ
553 1935 801 2006 μενγάροις
827 1936 1075 2004 κειμήλια
1100 1937 1366 2003 τιμήεντα·

261 2019 430 2092 αὐτὰρ
457 2018 573 2072 ἐπεὶ
599 2017 846 2072 θανάτοιο
870 2018 1040 2086 μέλαν
1066 2018 1219 2090 νέφος
1245 2018 1666 2088 ἀμφικαλύπτει,

261 2102 314 2155 οἱ
333 2103 430 2167 μὲν
453 2099 535 2175 ἄρ’
562 2102 700 2171 ἀμφὶ
725 2100 936 2169 πύλῃσι
961 2100 1339 2155 πολυκλαύτου
1363 2099 1547 2155 Ἀΐδαο

262 2185 481 2258 συνεχὲς
505 2184 623 2249 αἰεὶ,
653 2184 805 2255 φασὶ,
833 2184 996 2237 πόνον
1021 2184 1108 2237 καὶ
1135 2183 1273 2250 οἰζὺν
1299 2186 1518 2257 ἔχουσιν

264 2268 517 2329 ἄσπετον,
546 2267 714 2340 αὐτὰρ
741 2267 792 2320 οἱ
814 2267 976 2321 ἄλλοι
1002 2268 1056 2321 ἐν
1081 2266 1364 2324 Ἠλυσίοις
1389 2267 1652 2323 πεδίοισιν

265 2349 376 2422 ὀψέ
397 2372 459 2419 «γε
483 2349 546 2417 δὴ
573 2354 856 2419 κοιμῶνται
882 2349 963 2404 ἐπ’
990 2349 1274 2422 ἀσφοδέλῳ
1299 2354 1530 2419 λειμῶνι.

1176 2514 1249 2562 W.
1280 2514 1334 2563 L.
1365 2515 1447 2574 N„
1482 2516 1618 2578 1851.
