2028 3230
708 258 887 293 GREEK
927 258 1152 293 IAMBICS.
1550 249 1637 310 165

287 379 350 433 Γ.
385 376 545 433 Ἀλλ’
572 378 663 432 οὖν
687 377 715 431 ὁ
742 378 919 451 φύσας
943 376 995 445 μ’
1023 377 1368 445 ἐξεπίσταται
1394 378 1507 435 θεὸς

216 464 391 516 νοσῶν
415 484 517 534 περ
541 460 698 520 αὐτὸς
724 462 793 520 ὡς
819 459 1058 515 νοσοῦνθ’
1086 459 1190 531 ὁρῶ
1216 460 1284 514 τὰ
1309 461 1400 514 σά.

215 543 441 616 λέκτρον
466 545 508 597 δ’
535 543 617 614 ἐφ’
643 543 686 616 ᾧ
709 543 782 597 σὺ
807 544 1102 612 θανάσιμος
1127 548 1302 598 κεῖσαι
1327 549 1499 599 νοσῶν

217 626 316 694 τὴν
341 626 512 696 δόξαν,
539 628 601 681 οὐ
626 626 686 681 τὸ
713 626 863 693 σῶμ’,
890 627 1165 697 ἀνηκέστῳ
1191 626 1366 690 πάθει,

217 709 462 764 ἔλασσον
485 709 634 764 οὐδέν
660 709 774 764 ἐσθ’
800 708 1100 782 ὁλοκλήρου
1124 709 1329 782 χθονός.

219 793 291 847 σὺ
314 793 358 847 δ’
383 794 476 848 οὖν
499 793 735 864 περίσσῃ
760 794 1028 867 χρώμενος
1052 793 1286 867 ῥαθυμίᾳ

219 876 528 949 τυραννικὸν
553 877 801 932 κείνοισιν
827 877 1126 949 ἐπιτρέπεις
1151 876 1322 945 δέμας,

220 958 308 1030 ὑφ’
335 959 409 1013 ὧν
433 960 494 1013 τὸ
519 959 758 1032 πρόσθεν
783 959 972 1032 τραῦμ’
999 959 1284 1033 ἐτύνγχανες
1309 960 1511 1014 παθών.

219 1043 310 1097 καὶ
336 1043 399 1109 δὴ
423 1041 470 1098 ’ν
495 1043 681 1115 στέφει
707 1046 788 1115 σῷ
813 1043 989 1116 μυρίοι
1014 1044 1344 1116 χρυσηλάτῳ

221 1125 444 1184 κόλακες
469 1125 836 1198 ἐνεδρεύουσιν,
864 1127 925 1181 οὗ
953 1127 1134 1184 στενὸς
1160 1126 1351 1184 κύκλος

221 1208 370 1264 οὐδὲν
394 1208 454 1262 τὸ
481 1209 670 1281 κρατὸς
693 1209 885 1281 μέτρον
911 1210 1249 1282 ὑπερβάλλει
1276 1210 1428 1264 σέθεν
1447 1236 1463 1273 ‚·

222 1291 352 1350 ἐνιὸς
378 1291 434 1345 δὲ
459 1293 555 1358 τὴν
581 1291 683 1360 σὴν
706 1299 807 1361 «γῆν
833 1293 1150 1366 διαφθείρεις
1175 1294 1327 1363 ὅμως,

223 1375 362 1447 ἕρκει
387 1375 626 1446 τοσούτῳ
653 1374 844 1445 καίπερ
870 1378 1306 1444 ἐνγκυκλουμένην.

223 1459 378 1527 οἴμοι,
408 1458 503 1516 σὸς
528 1458 640 1532 εἶχε
663 1458 892 1516 πάππος
918 1459 965 1513 εἰ
987 1459 1285 1532 προειδέναι

223 1540 640 1612 τερασκόποισιν
665 1543 916 1610 ὄμμασιν,
944 1543 1131 1611 μάντις
1155 1542 1335 1612 «γεγὼς,

222 1629 350 1682 παῖς
374 1623 563 1682 παιδὸς
588 1626 657 1682 ὡς
683 1624 877 1693 ἔμελλε
901 1626 1094 1683 παῖδας
1119 1628 1359 1690 ὅλλυναι,

223 1707 463 1781 αἴσχους,
492 1706 624 1778 σάφ’
654 1708 781 1769 ἴσθι,
809 1708 946 1762 τοῦδ’
975 1709 1041 1761 ἂν
1066 1709 1322 1781 ἐστέρησέ
1346 1731 1423 1769 σε,

224 1789 313 1842 καὶ
338 1789 467 1860 πρὶν
491 1796 787 1864 κατασχεῖν
814 1791 1066 1859 (ἓξ-ἔβαλλ’
1093 1792 1158 1844 ἂν
1182 1793 1241 1860 ἐξ
1265 1792 1431 1864 ἕδρας,

224 1871 318 1945 ἀφ’
342 1873 404 1940 ἧς
427 1873 604 1942 μανεὶς
631 1873 701 1926 σὺ
726 1876 924 1928 σαυτὸν
950 1875 1244 1939 ἐκβάλλειν
1271 1874 1453 1932 θέλεις.

225 1955 398 2010 καίτοι
421 1957 725 2024 προπάσης,
753 1956 984 2026 σύγγον’,
1014 1958 1060 2011 εἰ
1083 1956 1309 2030 ’κράτεις
1332 1957 1538 2031 χθονὸς,

226 2037 393 2111 δρῴης
418 2038 484 2094 ἂν
509 2039 715 2111 αἰσχρὰ
741 2040 894 2106 τήνδε
918 2041 1199 2107 μισθώσας
1225 2041 1377 2107 ὅμως·

227 2126 319 2176 νῦν
344 2121 385 2174 δ’
412 2123 469 2189 ἐξ
493 2123 710 2188 ἁπάσης
735 2122 876 2190 τήνδ’
905 2123 1020 2176 ἐπεὶ
1044 2123 1208 2191 μόνην
1234 2124 1387 2197 ἔχεις,

226 2207 340 2262 πῶς
366 2205 487 2278 οὐχὶ
515 2204 738 2260 διπλοῦν
763 2204 956 2279 αἶσχος
982 2205 1067 2258 ὧδ’
1095 2205 1439 2278 ὀφλισκάνεις
1460 2230 1475 2268 ;

229 2291 524 2361 κληροῦχος
550 2286 597 2342 εἶ
620 2287 704 2353 σὺ,
733 2289 861 2342 κούκ
886 2288 1033 2356 ἄναξ,
1062 2289 1256 2355 ταύτης
1281 2289 1489 2361 χθονὸς,

229 2369 562 2429 κατάστασις
589 2370 631 2424 δ’
657 2370 752 2438 ἥδ’,
781 2372 947 2443 ἤνπερ
973 2371 1188 2439 ἔννομον
1214 2375 1408 2433 καλεῖς,

229 2453 363 2518 αὐτὴ
390 2451 629 2519 νόμοισιν
655 2453 835 2527 ἔνοχός
861 2452 972 2507 ἐστ’
1001 2454 1292 2528 ἐγχωρίοις·

231 2534 301 2588 σὺ
327 2533 371 2588 δ’
396 2535 522 2589 αὖτε

304 2704 364 2755 Ρ.
726 2703 924 2772 Μωρὸς
950 2702 1039 2757 καὶ
1065 2707 1271 2775 φρενῶν
1296 2703 1439 2760 κενὸς
1465 2704 1621 2763 πάνυ,

234 2783 432 2856 θρασὺς
459 2783 513 2836 δὲ
537 2786 750 2852 μᾶλλον
774 2783 807 2851 ἢ
835 2784 950 2838 κατ’
977 2786 1216 2839 ἀσθενῶν
1239 2785 1408 2857 νγέρας,

891 2884 931 2916 Μ
973 2886 999 2916 2
