2028 3230
834 229 861 275 3
869 228 897 279 5

500 899 825 959 GREEK
883 897 1280 959 IAMBICS.

248 1109 434 1163 HAN.
473 1110 667 1183 Ληρεῖς
703 1108 775 1163 σὺ
811 1107 958 1163 ταῦτ’
997 1107 1232 1176 ἄνασσα,
1269 1111 1364 1165 κού
1403 1112 1606 1186 θρηνεῖς

319 1191 414 1247 ἔτι.

250 1359 433 1412 ΚΩΝ.
473 1356 602 1430 Οὐχ
627 1356 783 1422 ἁὙνὸς
804 1357 851 1412 εἶ
875 1356 944 1410 σὺ
963 1357 1111 1412 ταῦτ’
1133 1358 1259 1424 ἐμοῦ
1285 1364 1605 1432 κατηγορῶν.

177 1442 238 1495 οὐ
261 1441 366 1511 «γὰρ
391 1441 612 1508 μέμηνα,
640 1439 793 1508 τήνδε
818 1439 861 1492 δ’
889 1442 984 1495 οὐκ
1009 1441 1183 1505 ἄλλης
1209 1442 1376 1509 κόμην

177 1523 308 1594 ἐμὴν
332 1523 374 1577 δ’
402 1524 630 1584 ἔτιλλον,
661 1523 768 1590 εἰμὶ
795 1522 837 1576 δ’
864 1524 896 1590 ἡ
922 1525 1220 1592 καλουμένη

180 1606 551 1669 Κωνσταντία,
581 1606 641 1660 τὸ
665 1606 793 1676 πρίν
817 1628 877 1674 ’γε
904 1608 1135 1677 Γεφρίου
1161 1606 1351 1678 δάμαρ,

134 1702 136 1704 ’
167 1690 301 1760 ’ἐμὸς
326 1689 382 1744 δὲ
406 1694 534 1747 παῖς
551 1688 845 1762 ”Αρθουρός
871 1689 1002 1752 ἐσθ’,
1033 1691 1059 1742 ὁ
1085 1689 1128 1743 δ’
1157 1691 1377 1763 οἴχεται.

178 1774 241 1828 οὐ
264 1772 518 1842 μαίνομαι
544 1771 852 1840 δῆτ’·-εἴθε
877 1773 1009 1843 πρὸς
1035 1773 1168 1828 θεῶν
1192 1774 1319 1827 τάδε

181 1857 318 1911 οὕτω
341 1854 560 1924 «γένοιτο,
587 1855 676 1909 καὶ
700 1854 804 1928 «γὰρ
831 1855 896 1908 ἂν
921 1855 1130 1928 τύχοιμ’
1159 1856 1286 1913 ἴσως

179 1937 405 1994 λαθοῦσ’
433 1939 681 2005 ἐμαυτὴν,
710 1937 849 2010 κᾷτα
873 1939 1137 2006 πημάτων
1161 1939 1303 1994 ὅσων

180 2021 354 2090 λήθην
379 2020 549 2093 ἔχοιμ’
575 2021 640 2076 ἂν
664 2020 822 2087 ἡδέως
851 2062 1032 2076 .....
1060 2019 1187 2076 ἀλλ’
1214 2020 1255 2075 ὦ
1281 2023 1454 2095 πάτερ

185 2103 523 2174 σοφίσμασίν
545 2126 613 2173 με
638 2104 796 2172 θέλνγε
820 2104 1103 2166 ποικίλοις,
1134 2104 1218 2158 ἵνα

183 2187 369 2258 ἄφρων
393 2187 636 2255 «γένωμαι,
665 2187 755 2241 καὶ
780 2186 887 2241 τότ’
916 2187 970 2240 ἐν
997 2187 1132 2244 θεοῖς
1159 2187 1277 2242 θεὸν

187 2269 338 2336 θήσω
364 2268 433 2335 σ’,
462 2269 578 2323 ἐπεὶ
600 2270 705 2340 «γὰρ
731 2270 969 2337 οὐδαμῶς
995 2273 1325 2342 παραφρονῶ

185 2352 394 2420 ἀλγέων
419 2351 475 2405 δὲ
499 2353 697 2422 πικρὰν
723 2353 870 2408 ἔνδον
894 2353 1151 2418 αἴσθησιν
1175 2354 1368 2425 τρέφω,

187 2435 459 2508 τοῦμφρον
483 2434 535 2503 μ’
563 2435 733 2505 ἄνωνγε
756 2440 941 2508 μῆχαρ
968 2436 1208 2509 ἐξευρεῖν,
1236 2439 1398 2489 λύσιν

189 2519 307 2586 ἐμοὶ
331 2518 563 2590 παρέξον
588 2517 737 2572 τῶνδ’
766 2519 1083 2590 ἐφεστώτων
1107 2520 1296 2583 κακῶν,

190 2600 279 2654 καὶ
305 2599 410 2668 μὴν
434 2599 673 2655 διδάσκει
697 2600 750 2668 μ’
779 2601 983 2674 ἀνγχόνῃ
1008 2601 1133 2668 βίον
1155 2605 1352 2655 λιπεῖν.

190 2682 239 2736 εἰ
262 2681 306 2736 δ’
333 2683 565 2752 ἐμμανὴς
590 2683 654 2750 ἦν
679 2682 792 2738 εἶτα
819 2684 1089 2756 φιλτάτου
1114 2684 1299 2737 τέκνου

188 2766 364 2833 λήθην
388 2765 455 2820 ἂν
481 2765 630 2841 εἶχον
649 2766 684 2835 ἤ
709 2789 788 2820 νιν
812 2767 1049 2835 ἡγούμην
1075 2767 1202 2825 ἴσως

1321 2864 1357 2896 D
