2028 3230
481 255 576 306 452
924 258 1077 290 INDIA
1115 257 1458 292 RECUPERATA

546 379 643 426 Sed
669 387 833 426 tamen
858 377 1128 439 intrepidos
1152 377 1278 425 intra
1301 378 1571 426 munimina
1595 388 1698 427 tute

480 458 723 507 Hostibus
748 459 797 505 in
822 458 996 506 mediis
1022 468 1179 507 servat
1206 459 1459 507 Lucnovia
1483 458 1643 520 cives;

475 541 608 601 Quid
634 542 792 588 facere
816 539 1069 588 indomitae
1094 549 1265 588 contra
1289 550 1362 588 tot
1386 541 1520 588 milia
1543 540 1668 589 vires

477 621 611 681 Quid
636 621 795 683 potuit
819 620 983 680 virtus,
1012 621 1130 683 quid
1155 638 1294 669 mens
1319 621 1501 669 invicta
1525 623 1706 681 labore,

475 701 846 763 Consiliumque
872 701 1009 749 ducis
1028 703 1070 761 ἦ
1098 711 1247 750 testes
1273 704 1525 765 turbaeque
1549 704 1726 765 fugatae

478 785 594 830 Huc
618 783 747 840 illuc,
775 782 952 830 clausis
976 782 1258 844 intactaque
1284 781 1468 830 moenia
1491 783 1658 846 portis,

476 863 638 911 Testis
663 880 767 911 rara
792 880 964 910 manus
989 863 1154 911 media
1178 864 1240 912 de
1266 873 1423 912 morte
1447 873 1656 926 recepta.

477 947 583 992 Nec
608 944 768 992 minus
794 944 980 993 interea
1003 944 1192 992 validos
1220 945 1502 1007 Caunporia
1525 947 1685 993 firmat

474 1024 716 1072 Praesidiis
741 1041 919 1085 muros,
946 1025 1083 1073 infidi
1108 1025 1272 1073 militis
1297 1025 1416 1073 iram

477 1108 539 1152 Et
565 1116 682 1152 tunc
706 1105 795 1153 rite
821 1122 1015 1164 cavens,
1045 1115 1311 1154 extremam
1336 1122 1511 1154 ausura
1535 1107 1782 1155 laborem:

475 1188 768 1247 Opportuna
794 1186 993 1248 quidem
1015 1190 1022 1234 l
1072 1186 1269 1235 Subitus
1294 1203 1409 1234 narn
1433 1195 1580 1235 nocte
1604 1204 1692 1250 per
1712 1189 1884 1236 urbem

474 1266 551 1314 Fit
577 1268 789 1315 clamor:
828 1269 923 1316 tela
947 1267 1194 1330 arripiunt,
1221 1267 1452 1316 incendia
1475 1267 1618 1316 tectis

474 1347 537 1393 Vi
561 1349 751 1408 jactant
778 1347 980 1409 equites,
1009 1347 1179 1410 rapida
1204 1347 1493 1411 fugiuntque
1518 1357 1739 1396 caterva·

474 1430 581 1475 Nec
607 1445 757 1487 mora,
786 1428 902 1490 quin
928 1437 1060 1477 totos
1086 1429 1365 1491 conjunctis
1389 1429 1608 1491 undique
1630 1445 1795 1478 muros

472 1509 764 1571 Agminibus
789 1519 991 1571 premat,
1019 1519 1067 1558 et
1092 1526 1219 1558 saeve
1244 1510 1572 1558 circumsonet
1595 1509 1740 1558 armis
1790 1533 1794 1536 ·

474 1591 696 1638 Perfidus
721 1589 840 1652 ipse,
871 1590 991 1638 Deis
1016 1590 1200 1638 invisus
1227 1593 1372 1638 Nana
1397 1590 1648 1653 supremis,

472 1671 716 1733 Signaque
741 1671 859 1718 bina
874 1674 918 1731 †,
946 1671 1041 1720 levi
1065 1671 1334 1734 pendentia
1353 1672 1507 1733 jactet
1530 1671 1581 1719 in
1606 1688 1731 1719 aura.

472 1754 538 1798 At
562 1753 717 1799 fessus
741 1753 957 1811 tandem,
985 1761 1058 1800 tot
1083 1751 1250 1814 praelia
1273 1767 1412 1811 vana,
1439 1753 1630 1815 fugatos

473 1834 729 1879 Incassum
754 1831 900 1880 toties
926 1849 1123 1892 cuneos,
1151 1832 1494 1894 trepidumque
1518 1848 1715 1880 suorum

471 1914 728 1961 Terrorem
753 1922 991 1972 metuens,
1020 1929 1130 1974 quae
1155 1912 1415 1974 perfecisse
1440 1912 1660 1974 nequivit

473 1994 662 2040 Bellum
687 2003 834 2055 atque
859 1993 1061 2042 hostiles
1086 1993 1229 2052 acies,
1259 1994 1395 2054 quod
1419 1994 1530 2052 tela,
1557 1993 1693 2055 quod
1716 1991 1798 2050 ira,

473 2073 682 2120 Perfidia
706 2073 893 2135 peragit
917 2074 1076 2132 fallax,
1106 2082 1154 2121 et
1178 2074 1347 2121 fraude
1372 2072 1595 2121 nefanda.

473 2156 601 2215 Ergo
628 2170 799 2202 omnes
825 2153 1005 2215 pariter
1028 2154 1273 2212 festinant,
1300 2153 1483 2201 foedere
1507 2162 1671 2215 pacto,

470 2235 716 2284 Scandere
742 2234 950 2296 quisque
974 2244 1142 2294 ratem,
1172 2243 1219 2283 et
1244 2234 1353 2282 fidis
1378 2233 1662 2282 incumbere
1686 2234 1845 2293 remis,

473 2317 638 2376 Quum
664 2314 840 2373 subito,
868 2315 1151 2363 infandum!
1187 2314 1292 2362 visu
1317 2314 1604 2374 miserabile,
1633 2314 1797 2363 cuncti
1826 2311 1840 2318 ’
1872 2328 1874 2332 “

523 2456 544 2474 *⁴
574 2453 642 2492 Sir
662 2453 718 2490 H.
740 2453 972 2499 Lawrence,
990 2465 1073 2490 was
1089 2465 1161 2489 one
1177 2439 1406 2502 ofllzeflrst
1417 2451 1512 2490 who
1533 2451 1701 2491 showed
1719 2443 1890 2491 himself

469 2523 705 2568 competent
725 2523 768 2555 to
787 2516 957 2567 grapple
978 2516 1077 2554 with
1096 2515 1167 2554 the
1188 2516 1513 2567 overwhelming
1533 2516 1764 2556 difficulties
1782 2516 1881 2556 then

470 2582 745 2632 surrounding
762 2581 859 2619 him.

523 2649 553 2691 †
583 2646 761 2696 Though
792 2645 989 2683 Brahmin
1016 2644 1191 2692 himself,
1217 2644 1270 2683 he
1298 2644 1462 2684 hoisted
1489 2645 1593 2684 both
1625 2644 1770 2683 Hindu
1798 2645 1878 2683 and

471 2710 742 2749 Mahometan
773 2709 987 2748 standards
1006 2710 1049 2747 in
1067 2708 1131 2747 his
1152 2711 1381 2760 camp.—“
1397 2710 1488 2748 Red
1511 2707 1773 2762 Pamphlet‚''
1794 2708 1874 2747 vol.

467 2777 505 2814 ii.
533 2788 571 2826 p.
602 2787 688 2825 133.
