2028 3230
441 896 766 957 GREEK
821 895 1507 958 HEXAMETERS.

259 1107 380 1164 ’EN
408 1110 463 1164 δὲ
488 1110 709 1175 τέθηλεν
732 1110 905 1168 λωτὸς
931 1110 1036 1164 ὑπὸ
1062 1109 1157 1181 ῥίῳ
1183 1109 1502 1178 ἀνθεμόεντι,

261 1195 316 1248 ἐν
341 1193 396 1247 δὲ
420 1192 547 1266 παρ’
572 1192 749 1261 ἠϊόνας
774 1194 945 1251 λωτὸς
968 1194 1187 1261 λιμένας
1213 1216 1272 1247 τε
1298 1193 1596 1259 θαλάσσης·

261 1276 364 1353 αἰεὶ
389 1274 432 1329 δ’
458 1277 527 1330 αὖ
552 1277 811 1349 Ζεφύροιο
835 1275 1230 1345 λιγυπνείοντές
1256 1276 1415 1342 ἀῆται

260 1361 509 1429 πνοιῇσιν
531 1363 784 1430 λιαρῇσιν
808 1359 1172 1413 ἐπιπνείουσιν
1196 1359 1386 1416 ἀέντες·

260 1442 399 1516 ἄχνη
426 1440 469 1496 δ’
496 1441 579 1515 ἀρ’
604 1447 782 1497 λωτοῦ
804 1443 1077 1512 μελιηδέος
1103 1442 1326 1500 ἄλλυδις
1352 1443 1497 1511 ἄλλῃ

260 1525 540 1580 σκίδναται
566 1528 621 1580 ἐν
643 1528 862 1597 βήσσῃς
887 1525 962 1594 ἠδ’
990 1528 1045 1580 ἐν
1071 1525 1279 1579 σπέσσι
1303 1529 1662 1598 «γλαφυροῖσιν

260 1609 337 1675 ἀμ
378 1609 553 1671 πέδον,
606 1609 882 1682 ἀμβροσίη
932 1607 975 1663 δ’
1021 1608 1154 1677 ὀδμὴ
1203 1609 1331 1680 περί
1368 1606 1413 1661 τ’
1458 1609 1603 1681 ἀμφί
1643 1607 1687 1660 τ’

402 1692 606 1746 ὄδωδεν·

260 1774 409 1829 ἀλλὰ
431 1775 536 1848 γὰρ
561 1777 698 1845 ἡμᾶς
724 1775 860 1848 φημὶ
886 1774 1016 1841 ἄδην
1041 1774 1209 1828 ἐλάαν
1234 1774 1493 1843 καμάτοιο

261 1857 487 1930 εἰρεσίης
514 1857 576 1921 θ’,
609 1858 667 1912 οἵ
685 1858 818 1923 δηθὰ
844 1857 1145 1927 κακούμεθα
1170 1863 1636 1930 ποντοποροῦντες,

261 1944 386 2009 νῆας
410 1940 485 1996 ὅτ’
509 1941 634 1995 ἔνθα
659 1941 748 1995 καὶ
768 1941 893 1995 ἔνθα
912 1940 1067 2012 φέρεν
1084 1942 1222 2009 μέγα
1241 1945 1383 2010 κῦμα
1403 1941 1688 2007 θαλάσσης

262 2023 428 2079 δεινόν
451 2023 496 2079 τ’
523 2025 786 2097 ἀργαλέον
809 2046 880 2084 τε,
906 2024 1074 2090 λέβης
1100 2022 1142 2076 δ’
1169 2022 1236 2081 ὣς
1264 2024 1317 2076 ἐν
1341 2024 1470 2096 πυρὶ
1496 2027 1690 2095 πολλῷ

262 2106 395 2174 οἶδμ’
421 2107 860 2181 ἀνεμορμύρεσκε,
886 2107 1034 2177 μέσῳ
1060 2105 1102 2160 δ’
1130 2107 1205 2160 ἐνὶ
1230 2108 1404 2159 οἴνοπι
1429 2106 1608 2176 πόντῳ

261 2190 439 2256 ἅλμην
464 2191 736 2261 ἐξεμέεσκε
759 2190 942 2262 πέλωρ
967 2190 1097 2248 ἁλὸς
1122 2188 1441 2262 ἀτρυγέτοιο·

261 2274 411 2327 ἀλλά
433 2295 525 2343 μοι
550 2276 742 2342 ὄμνυτε
765 2273 935 2345 ὅρκον,
965 2273 1177 2345 ἑταῖροι,
1207 2271 1433 2338 ἔμπεδον
1458 2271 1575 2333 αἰεὶ,

261 2357 295 2425 ἦ
318 2356 416 2425 μὲν
440 2357 787 2427 Λωτοφάγων
813 2355 888 2409 ἐνὶ
911 2355 1037 2424 γαίῃ
1063 2356 1344 2423 κητωέσσῃ

260 2439 513 2509 μιμνέμεν
541 2440 721 2508 ἤματα
753 2439 947 2500 πάντα,
974 2440 1186 2509 βροτῶν
1210 2435 1255 2489 τ’
1282 2438 1406 2490 ὄπιν
1439 2438 1534 2491 οὐκ
1567 2437 1686 2490 ἀλέ-

405 2544 596 2591 γοντας

262 2602 473 2659 κεῖσθαι
498 2605 586 2658 ἐπὶ
611 2603 976 2658 σπιλάδεσσιν
1001 2602 1246 2666 ἀολλέας,
1273 2601 1530 2655 ἀθάνατοι
1556 2599 1637 2656 ὥς·

262 2686 382 2742 οἵτ’
409 2686 515 2758 ἄρα
540 2687 880 2741 θεσπεσίοισι
904 2686 1219 2758 παρέξονται
1245 2684 1507 2738 δεπάεσσι

264 2770 507 2841 νέκταρος
532 2769 869 2841 ἀμβροσίοιο,
896 2771 1037 2835 βέλη
1064 2766 1106 2821 δ’
1132 2768 1340 2835 ἀργῆτα
1366 2767 1616 2836 κεραυνοῦ
