2028 3230
401 233 503 278 434
960 230 1247 266 COLUMBUS.

409 351 658 414 Mystica?
692 369 778 400 cur
801 360 980 401 nostrae
1005 361 1141 400 tanta
1164 352 1440 401 inritamina
1463 351 1640 400 mentis
1656 355 1679 401 ?
1712 392 1715 396 .
1796 363 1798 365 ’

406 434 511 481 Vos
536 432 818 496 ignominiae
842 450 1004 493 causa,
1031 435 1138 483 haec
1161 450 1250 483 vos
1274 434 1469 482 vincula
1491 432 1721 482 membris

406 512 617 575 Injicitis
644 514 822 562 nostris
844 518 853 562 l
889 531 954 562 an
979 531 1220 577 nusquam
1246 515 1400 575 litora,
1428 530 1668 578 nusquam

403 596 544 654 Saxa,
573 595 659 643 ubi
684 595 888 644 turbatis
912 612 1111 658 possem
1135 595 1334 659 periisse
1360 598 1449 644 sub
1475 595 1619 644 undis
1632 598 1659 644 Ρ-

407 677 509 724 Cur
532 676 702 723 aderat
714 678 755 735 ²¹²,
783 693 918 725 remo
943 693 1095 738 quum
1119 677 1219 725 vita
1243 677 1478 740 pependit
1502 678 1564 724 ab
1589 692 1703 735 uno,
1770 710 1775 716 -
1799 677 1801 679 ’

408 757 600 803 Remus
626 756 941 806 semianimi?
974 757 1101 817 felix,
1126 767 1243 806 ante
1267 757 1434 806 omnia
1456 757 1583 816 felix,

406 836 520 896 Qui,
548 837 704 899 patria
726 837 903 900 agresti
927 838 1247 900 proscindens
1267 839 1438 901 jugera
1460 847 1633 898 aratro,

402 918 543 965 Sorte
569 917 687 965 colit
712 920 954 978 Cererem,
984 919 1204 981 Neptuni
1227 920 1447 968 nescius!
1485 919 1621 967 illum

403 998 615 1058 Semina,
642 1000 768 1047 flava
793 1016 946 1062 segeS,
974 1000 1159 1060 messis,
1186 1002 1333 1063 plena
1355 1001 1528 1049 horrea
1550 1001 1722 1060 ditant,

407 1080 611 1139 Laetum,
653 1096 955 1142 quamquam
1002 1081 1158 1129 oculis
1199 1083 1370 1129 Novus
1411 1082 1543 1129 haud
1584 1081 1807 1130 inluxerit

539 1162 686 1210 Orbis
710 1166 718 1210 1

473 1324 613 1371 “Sed
639 1323 758 1385 quid
783 1340 874 1387 ego
898 1325 1041 1373 haec?
1104 1324 1246 1373 Vixi:
1283 1342 1385 1374 non
1409 1343 1568 1376 aevum
1593 1326 1807 1390 ignobile

532 1403 630 1451 vixi
650 1424 660 1452 ε
1559 1459 1562 1461 Α

404 1487 492 1533 Est
516 1484 702 1547 aliquid
726 1487 868 1535 famae
887 1488 989 1549 jam
1017 1504 1149 1535 nunc
1173 1488 1453 1537 meminisse
1478 1488 1660 1551 prioris.

402 1567 510 1612 Lux
535 1564 664 1613 subit
688 1565 771 1613 illa
795 1565 1026 1626 animum,
1047 1583 1157 1630 qua,
1173 1569 1282 1616 vela
1301 1567 1583 1616 inflantibus
1602 1567 1804 1627 Austris,

403 1646 632 1708 Hispana
655 1646 883 1696 invalidae
908 1650 1282 1698 abscondebant
1306 1649 1447 1698 litora
1470 1644 1648 1699 naves:

399 1728 511 1788 Jam
535 1727 653 1774 mihi
679 1730 926 1790 praecelsae
950 1746 1155 1792 puppes,
1177 1733 1281 1793 jam
1307 1729 1444 1793 signa
1467 1746 1682 1790 corusca,

403 1807 638 1870 Malique,
666 1818 1008 1872 antennaeque,
1036 1811 1351 1874 albentiaque
1374 1826 1571 1874 aequore
1596 1807 1704 1860 Vela

400 1891 530 1937 Ante
556 1891 727 1937 oculos
752 1891 952 1953 fulgent.
1027 1893 1187 1955 Puppi
1212 1893 1316 1955 ipse
1342 1895 1496 1942 elatus
1520 1893 1571 1941 in
1594 1894 1692 1941 alta

403 1971 610 2017 Pectora
635 1972 914 2019 mulcebam
940 1988 1162 2020 curarum
1188 1973 1341 2021 oblita
1364 1973 1590 2035 priorum,

400 2049 569 2098 Oblita
595 2051 778 2111 erroris,
805 2068 942 2114 reges
969 2069 1067 2115 quo
1092 2054 1276 2102 ambire
1302 2055 1522 2102 solebam

403 2130 604 2190 Invitos,
633 2131 787 2179 aureis
812 2133 897 2180 ubi
922 2133 1070 2195 serpit
1096 2136 1259 2196 Tagus
1285 2134 1455 2193 arenis,

399 2214 500 2259 Aut
523 2211 607 2259 ubi
633 2213 817 2274 regales
842 2214 1021 2262 attollit
1047 2215 1280 2263 Corduba
1303 2231 1480 2263 muros.

402 2291 638 2354 Undique
675 2294 779 2355 jam
818 2303 1012 2356 pontus,
1040 2296 1215 2343 caelum
1243 2295 1471 2358 undique.
1547 2296 1804 2359 Conspicit
1843 2324 1845 2326 ·

532 2373 667 2421 unda
714 2412 716 2414 v
1031 2383 1034 2387 ’

404 2454 707 2517 Miraturque
731 2463 858 2503 rates
882 2455 1051 2518 pictas,
1080 2456 1278 2504 miratur
1300 2458 1514 2507 Atlantis

458 2617 484 2643 θ*
513 2618 562 2657 In
582 2631 607 2657 a
626 2619 815 2671 sea-sight
840 2620 1024 2659 between
1053 2621 1121 2660 the
1143 2622 1329 2662 Genoese
1363 2624 1444 2663 and
1470 2624 1540 2664 the
1560 2625 1796 2672 Venetians,

402 2683 632 2722 Columbus
661 2697 744 2723 was
773 2685 896 2724 saved
924 2684 1028 2724 from
1047 2686 1260 2739 drowning
1287 2688 1342 2739 by
1370 2689 1612 2740 supporting
1638 2689 1807 2729 himself

401 2759 456 2785 on
475 2760 526 2785 an
547 2761 627 2786 oar.
