2028 3230
729 219 908 254 GREEK
946 218 1174 255 IAMBICS.
1572 224 1590 254 1
1607 225 1625 254 Ι
1643 225 1660 255 Ι

0 333 27 405 Ξῖ
240 338 384 397 ὅπως
409 338 658 406 διθήκτου
683 339 963 407 θανασιμῷ
986 337 1300 410 χαράγματι

0 411 15 438 Ξ
238 424 498 490 γλώσσης
524 421 971 490 καταπλαγέντες,
1003 421 1075 478 εἰς
1088 419 1283 474 ”Ἀιδου
1308 421 1495 488 δόμους

240 508 484 571 μολῶσιν
509 503 562 558 οἳ
582 503 865 578 προδόντες
890 501 976 556 ὧδ’
1004 503 1185 576 ἕχουσ’
1215 503 1318 571 ἐμέ·

239 590 316 657 μή
344 610 450 657 μοι,
477 592 749 660 ταγοῦχοι,
777 584 944 641 τοῖσδ’
970 586 1004 639 ἃ
1031 592 1122 641 νῦν
1147 587 1476 661 κατεύχομαι

242 671 569 739 ἐπεγγελᾶτέ
592 669 641 739 γ’
669 671 738 727 ὡς
763 670 936 739 μάτην
960 670 1311 738 λελεγμένοις·

243 752 495 826 ἔμψυχος
521 753 610 821 ἥδε
633 756 702 822 γῆ
730 753 1216 820 κατασταθήσεται,

243 836 389 891 οὗτοι
414 836 469 889 δὲ
493 837 678 908 πέτροι
704 836 1115 908 χαλκοθώρακες
1141 837 1378 906 στρατοὶ,

243 917 449 972 ἄνακτα
474 920 601 989 πρὶν
628 919 689 986 δὴ
716 919 969 990 περιιδεῖν
994 920 1252 992 ἐγχώριον

245 1006 420 1061 κακῶς
444 1001 749 1074 κρατηθέντ’
778 1002 969 1075 ἀνοσία
995 1003 1193 1056 τούτων
1217 1004 1349 1076 χερί.

319 1167 520 1226 ΕΠΙΣ.
562 1167 771 1239 Θάρσει
791 1191 897 1234 νυν,
920 1168 1075 1235 ὦναξ,
1099 1173 1206 1226 τοῖς
1228 1170 1411 1232 θεοῖσι,
1435 1173 1676 1245 κοίρανον

247 1249 300 1304 οἳ
322 1251 484 1319 τῆσδε
508 1257 603 1320 γῆς
631 1251 682 1305 σ’
711 1252 920 1317 ἔθηκαν,
949 1252 1175 1322 ἀσφαλῆ
1201 1255 1351 1323 πάρα

247 1333 331 1388 ἀεὶ
357 1335 664 1405 φυλάσσειν
691 1334 932 1404 κοίρανον
957 1335 1173 1387 πάντων
1198 1337 1313 1409 βία.

249 1417 318 1471 τὰ
343 1417 484 1489 δῶρα
510 1422 615 1471 τῶν
642 1418 773 1470 θεῶν
799 1419 859 1470 οὐ
884 1418 1130 1487 παριέναι
1156 1421 1289 1473 ποτὲ

249 1499 437 1574 χρέων,
466 1500 719 1573 δέχεσθαι
746 1499 805 1551 δ’·
843 1499 908 1567 ἢν
933 1499 1035 1570 γὰρ
1061 1500 1200 1573 ἡνίχ’
1228 1501 1280 1554 οἶ
1302 1503 1410 1556 θεοὶ

253 1583 469 1647 θέλωσι,
496 1584 570 1652 μὴ
599 1583 839 1639 θέλοντες
866 1585 924 1637 ἐκ
949 1583 1253 1638 τούναντίου

251 1667 399 1734 ἡμεῖς
425 1665 685 1739 τύχωμεν,
714 1665 856 1738 δῶρα
882 1667 1187 1720 τούντεῦθεν
1213 1668 1338 1721 τάδε

253 1751 348 1803 οὐκ
374 1749 487 1804 ἔσθ’
515 1749 658 1806 ὅπως
684 1751 745 1804 οὐ
771 1753 1048 1807 παντελῶς
1075 1751 1428 1819 ἐκβάλλομεν,

254 1834 523 1906 σωτηρίαν
548 1854 606 1886 τε
633 1833 721 1886 καὶ
747 1831 915 1902 πόρον
941 1833 1207 1904 τιμωρίας.

327 2001 510 2052 ΑΤΜ.
549 1996 727 2067 εΗμᾶς
752 1998 848 2065 μὲν
874 1998 1023 2063 εἶναι,
1053 1999 1206 2071 φησὶ,
1240 2000 1506 2073 ῥᾳθύμους
1532 2005 1681 2073 ἄγαν·

255 2082 515 2157 ῥᾳθυμίας
543 2081 584 2134 δ’
614 2083 672 2135 ἐκ
699 2081 862 2149 τῆσδε
888 2082 978 2136 τὸν
1004 2085 1387 2153 Βολιμβροκην

257 2169 471 2233 μᾶλλον
497 2166 718 2237 φίλοισι
742 2165 1020 2238 χρήμασίν
1047 2165 1091 2219 τ’
1120 2167 1202 2218 ἀεὶ
1228 2168 1446 2223 σθένειν.

331 2332 476 2384 ΡΙΧ.
517 2329 688 2383 Πάντ’
728 2329 769 2384 ὦ
795 2332 1138 2402 προταρβῶν,
1179 2333 1358 2387 πάντα
1385 2333 1428 2387 τ’
1457 2337 1686 2402 ἐλπίζων

405 2412 559 2478 κακὰ,
1011 2479 1015 2484 .

260 2496 357 2550 οὐκ
381 2495 541 2549 οἶσθα
565 2497 719 2550 τοῦτό
745 2495 810 2564 γ’,
842 2495 971 2562 ἡνίκ’
999 2497 1064 2549 ἂν
1089 2497 1442 2567 πανδερκέτης

261 2578 610 2651 κεκρυμμένος
633 2582 701 2647 γῇ
728 2578 921 2637 κύκλος
947 2580 1114 2646 ἡλίου,
1146 2582 1311 2637 σέλας

259 2661 512 2730 λαμπρὸν
537 2666 800 2734 παρασχῇ
828 2668 1000 2716 τοῖσιν
1026 2664 1262 2716 οἰκοῦσιν
1289 2665 1446 2726 κάτω,

260 2745 637 2813 πλανωμένους
665 2744 853 2813 θύραζε
878 2745 1161 2799 λανθάνειν
1187 2745 1308 2799 τότε
