2028 3230
633 247 812 282 GREEK
848 248 1157 283 TROCHAICS.
1521 253 1612 298 22⁸3

189 375 467 440 Δωματων
479 369 702 443 μέλαθρ’
711 371 954 439 ἐσῆλθεν,
966 371 1179 442 ἄφοβον
1195 372 1443 438 ἐμβεβὼς
1459 373 1614 437 πόδα,

189 454 562 528 νυμφαὙάνγοις
587 455 642 508 ἐν
664 454 882 524 μέσοισι
908 458 1177 524 συγγενῶν
1203 454 1249 508 θ’
1277 455 1477 530 ὁμιλία·

187 536 354 591 τοιάδ’
369 538 438 593 αὖ
455 538 635 610 πατὴρ
659 536 1008 610 προσηύδησ’,
1031 538 1284 611 ἁρπάσας
1305 540 1458 611 ξίφος
1477 540 1612 613 χερὶ,

196 619 440 692 (νύμφιος
463 621 567 692 ι’γὰρ
593 621 684 675 οὖν
709 619 865 688 στόμ’
893 621 1025 694 ἔσχε
1051 620 1157 690 σῖγ’
1187 621 1308 676 ἰδὼν
1335 623 1601 688 ἐπήλυδα)

193 701 355 776 “'Ap'
373 701 456 757 ἐπ’
473 703 650 776 εἰρήνῃ
666 704 974 776 προσῆλθες
1000 704 1171 758 ἐνθάδ’
1188 703 1221 771 ἢ
1240 706 1420 778 μάχης
1440 706 1615 778 χάριν,

189 784 224 852 ἢ
239 784 321 840 ’πι
337 791 445 845 τοῖς
469 787 659 856 *γάμοις
683 785 974 860 χορεύσων,
995 786 1190 859 κοίραν’
1207 787 1248 842 ὦ
1275 788 1547 861 νεοτρεφές
1561 791 1615 852 ,·”

191 951 412 1023 “Δαρὸν
429 951 496 1020 ἦν
519 952 762 1026 μνηστὴρ
784 952 1042 1025 θυγατρὸς
1062 951 1225 1021 τῆσδε
1243 957 1356 1020 σῆς,
1378 955 1448 1007 σὺ
1468 952 1617 1010 δὀὐκ

338 1035 481 1106 ἔφης.
1461 1067 1468 1074 .

190 1115 302 1172 ἔστ’
330 1118 534 1191 ἔρωτος,
563 1119 631 1177 ὡς
658 1119 958 1185 θάλασσης,
985 1117 1102 1188 κῦμ’
1130 1119 1213 1173 ἀεὶ
1237 1120 1583 1192 παλίρροθον.

191 1205 472 1274 τοιγαροῦν
496 1201 592 1269 τὴν
625 1201 1015 1275 μελλόνυμφον,
1042 1203 1107 1270 ἢν
1133 1203 1416 1275 ἀφῃρέθην,
1449 1203 1619 1258 θέλων

192 1287 284 1338 νῦν
307 1283 546 1357 χορεύειν
571 1285 661 1339 καὶ
684 1285 965 1358 προπίνειν
990 1286 1223 1339 ὕστατον
1246 1285 1588 1359 μετέρχομαι·

193 1367 312 1421 οὐδὲ
336 1370 440 1437 «γὰρ
467 1369 790 1436 σπανίζομεν
815 1368 878 1434 δὴ
905 1367 1054 1434 τῆσδ’
1078 1367 1147 1421 ἔτ’
1168 1369 1616 1442 εὐπρεπεστέρων,

191 1449 275 1507 αἶς
300 1450 366 1504 ἂν
391 1451 711 1518 ἀσμέναισιν
737 1452 814 1516 εἴη
842 1451 1088 1522 κοιράνου
1115 1454 1231 1505 νεοῦ
1256 1451 1470 1524 λέχος.”

187 1615 360 1670 ’Ένθα
385 1616 652 1688 νυμφείοις
678 1617 905 1688 φιληθὲν
929 1616 1172 1690 χείλεσιν
1196 1617 1452 1685 ποτηρίον

194 1698 423 1767 ἱππότης
450 1699 660 1768 ἐδέξατ’,
690 1699 803 1753 εἶτα
830 1701 1131 1764 κατέβαλεν
1156 1700 1294 1753 πιὼν
1317 1701 1465 1770 μέθυ·

191 1783 224 1848 ἡ
250 1781 306 1837 δὲ
331 1782 426 1846 τὴν
452 1782 875 1855 φοινικόβαπτον
899 1787 999 1850 Ὑῆν
1025 1783 1203 1852 τρέπει
1230 1784 1481 1856 παρήῑδα,

191 1863 306 1937 κᾷτ’
334 1866 635 1930 ἀναβλέπει
663 1866 940 1926 στένουσα,
970 1866 1059 1919 καὶ
1086 1866 1402 1938 δακρύρροος
1426 1869 1578 1939 Ὑελᾷ.

189 1948 474 2017 μαλθακὴν
536 1948 577 2001 δ’
629 1948 657 2003 ὁ
719 1952 875 2022 χεῖρα
936 1953 1123 2020 κουρῆς
1175 1949 1378 2022 μητέρα
1428 1950 1618 2021 φθάνει

336 2031 618 2092 λαβὼν,-

193 2124 223 2143 “
242 2116 360 2170 Νῦν
385 2114 687 2184 ἑλίσσωμεν
711 2116 983 2187 χόρειαν,”
1011 2113 1113 2169 εἶπ’
1141 2114 1279 2184 ἅναξ
1302 2116 1596 2189 νεοτρεφής.

191 2278 291 2338 (Ως
315 2281 508 2352 πρέπει
532 2280 712 2352 μορφὴ
745 2281 842 2348 μὲν
872 2280 1070 2351 ἀνδρὸς,
1097 2281 1323 2350 βλέμμα
1362 2279 1404 2334 δ’
1433 2281 1619 2338 εὐειδὲς

338 2362 518 2432 ῥέθους

190 2444 516 2517 παρθενείου·
555 2446 634 2504 τίς
658 2444 779 2499 ποτ’
807 2446 946 2513 αὐλὴ
972 2445 1070 2501 τοῖ’
1097 2445 1272 2501 ὄπωπ’
1302 2445 1614 2519 ὀρχήματα;

193 2527 450 2600 δυσφορεῑ
465 2527 507 2582 δ’
526 2529 606 2599 ἄρ’
623 2530 655 2595 ἡ
681 2534 922 2591 τεκοῦσα,
948 2530 1032 2602 χὼ
1058 2530 1237 2599 πατὴρ
1258 2530 1616 2602 χαράσσεται,

193 2610 413 2679 νύμφιός
439 2610 484 2664 θ’
512 2614 646 2665 οὕτω
673 2612 973 2685 κρεμαστὸν
998 2613 1187 2685 χερσὶν
1212 2613 1394 2684 αἰωρεῖ
1415 2612 1601 2682 λόφον.

192 2693 355 2747 τοιάδ’
373 2695 467 2749 οὖν
492 2694 636 2761 ἄλλη
661 2695 794 2766 πρὸς
820 2696 997 2762 ἄλλην
1016 2696 1165 2750 εἶπον
1184 2696 1241 2748 αἱ
1259 2693 1617 2765 νυμφευτρίαι,

195 2778 433 2851 “”Ωφελ’
460 2780 528 2838 ὡς
554 2779 703 2839 οὗτος
728 2781 974 2850 *γενέσθαι
1001 2787 1092 2849 τῆς
1118 2784 1273 2852 κορῆς
1301 2778 1603 2852 ξυνᾴορος.”
