2028 3230
404 261 466 304 42
476 262 501 291 2
951 257 1262 291 CLEOPATRA.

405 381 555 427 Nulla
579 379 672 426 hac
697 377 925 441 degeneri
950 377 1210 426 succrescit
1233 379 1398 425 laurea
1422 377 1626 437 silva‚'—-

406 464 607 520 Laurea,
635 477 732 522 qua
755 460 870 508 felix
893 459 1011 508 olim
1035 459 1255 507 Victoria
1278 459 1454 506 ferrum
1751 500 1756 506 „

408 541 574 605 Cingit
589 558 756 601 ovans,
773 550 1112 603 monstratque
1129 540 1276 596 viam,
1295 555 1404 602 quae
1421 527 1593 588 tendat
1607 538 1658 587 in
1671 546 1813 588 astra.

470 705 680 765 Jamque
705 711 839 751 tenet
862 702 1078 750 mediam
1103 701 1340 750 comitum
1364 701 1530 764 regina
1554 717 1786 750 coronam
1805 719 1818 760 3

405 786 502 833 Sed
527 786 658 832 frons
682 785 794 832 laeta
818 799 1001 846 parum,
1030 792 1078 831 et
1102 782 1207 830 visu
1234 781 1510 830 tristissima
1533 784 1688 831 nubes

407 868 508 914 Ora
532 864 860 928 supervolitat,
888 864 1166 927 spargitque
1190 862 1349 910 infusa
1373 863 1575 911 decoras

408 947 571 994 Imbre
596 962 745 1009 genas
763 947 791 976 ’¹‘
811 963 821 993 ε
857 946 990 1007 largo
1016 944 1265 1007 signantur
1288 943 1472 991 lumina
1495 944 1626 1003 fletu,

410 1027 668 1088 Multaque
693 1025 946 1088 purpureis
970 1026 1182 1087 pellucet
1209 1032 1346 1086 gutta
1370 1023 1576 1072 latebris.

410 1093 581 1167 Qualis
606 1115 862 1165 nocturno,
891 1105 1009 1153 dum
1033 1105 1116 1153 fiet
1141 1106 1236 1152 dea
1260 1103 1467 1164 roscida,
1496 1120 1634 1152 ramo

412 1187 660 1250 Nigrantis
684 1196 867 1249 myrtus
893 1195 975 1234 aut
1000 1187 1210 1234 funereae
1236 1184 1467 1246 cuparissi

412 1268 580 1316 Vitrea
601 1284 796 1330 gemma
821 1266 995 1326 tremit,
1013 1275 1273 1328 rorantque
1293 1265 1582 1329 adspergine
1607 1265 1816 1313 frondes.

484 1433 611 1478 Haec
631 1430 756 1478 adeo
776 1429 858 1477 illa
876 1428 995 1476 mihi
1015 1428 1266 1490 quondam
1291 1425 1616 1489 pulcherrima
1638 1426 1823 1484 frustra,

414 1510 661 1574 Conjugio
691 1519 739 1559 et
764 1509 964 1572 dignata
987 1510 1169 1557 ducum
1187 1510 1209 1555 Ρ
1244 1524 1392 1570 quam
1412 1497 1625 1554 maxima
1647 1508 1822 1564 Roma,

420 1594 580 1653 Quam
605 1608 742 1654 reges
767 1591 913 1650 Asiae,
942 1590 1142 1652 Libycae
1167 1605 1315 1652 quam
1340 1588 1484 1637 litora
1508 1597 1647 1636 terrae
1675 1616 1679 1619 -

429 1672 665 1721 Certatim
691 1673 886 1720 coluere
911 1671 1070 1734 prius:
1106 1670 1184 1718 cui
1210 1669 1355 1732 copia
1378 1670 1527 1732 pleno

424 1755 783 1814 Fundebatque
808 1753 961 1814 dapes
986 1768 1152 1810 cornu,
1180 1750 1439 1812 Siculaque
1464 1764 1688 1811 saporem

424 1837 542 1882 Arte
567 1836 857 1892 laboratum,
886 1843 934 1881 et
958 1833 1235 1895 liquefactae
1261 1832 1440 1893 pocula
1462 1831 1613 1878 bacae.

430 1916 585 1963 Illane
611 1931 773 1976 quam,
801 1914 957 1976 pictas
982 1913 1129 1961 fluvio
1154 1912 1360 1960 mirante
1385 1911 1577 1959 carinas-

430 1998 801 2057 Purpureosque
827 1994 959 2043 sinus
984 1996 1216 2073 velorum,
1244 2002 1293 2042 et
1316 2007 1560 2040 murmura
1582 1991 1706 2049 laeta,

429 2078 540 2138 Jam
565 2092 719 2137 nuper
745 2076 947 2137 Cydnus
972 2074 1143 2122 studiis
1168 2073 1359 2135 accepit
1383 2073 1647 2121 ovantem?

433 2157 572 2204 Eheu
595 2158 604 2202 !
641 2155 749 2202 talis
775 2165 888 2214 erat,
916 2156 1097 2217 talique
1124 2153 1356 2216 superbiit
1379 2152 1495 2200 olim

432 2236 644 2284 Luxuria
668 2245 717 2284 et
741 2237 944 2283 demens
969 2235 1159 2283 animos
1182 2235 1411 2296 aequabat
1435 2234 1649 2296 Olympo
1672 2252 1681 2280 :

436 2319 584 2364 Nunc
607 2315 752 2364 trahit
777 2315 1013 2377 ingratam
1039 2316 1171 2362 cultu
1197 2314 1301 2362 sine
1326 2313 1506 2362 femina
1530 2313 1692 2374 vitam,

438 2400 608 2446 Unum
633 2397 767 2460 quod
793 2405 1020 2458 superest
1094 2394 1289 2442 Amissa
1313 2396 1480 2454 classe,
1507 2404 1762 2457 perempto

441 2480 669 2530 Indecori
695 2481 757 2528 de
780 2488 935 2527 morte
953 2482 982 2534 †
1007 2477 1123 2536 viro,
1151 2477 1379 2525 furialiter
1402 2476 1568 2536 hostis,

495 2649 520 2674 ²¹²
550 2649 643 2687 Vid.
672 2648 798 2700 Soph.
823 2647 962 2698 Antig.
990 2647 1115 2696 528—
1124 2657 1144 2696 5
1150 2658 1211 2695 30.

499 2714 525 2761 Τ
554 2714 723 2765 Antony
742 2711 979 2753 committed
998 2710 1149 2749 suicide
1169 2719 1209 2749 at
1227 2711 1475 2750 Alexandria
1495 2723 1548 2749 on
1567 2710 1736 2761 hearing
1754 2709 1841 2748 that

444 2778 498 2816 all
518 2791 601 2817 was
620 2777 710 2817 lost.
