<?xml version="1.0" encoding="UTF-8"?>
<!DOCTYPE html PUBLIC "-//W3C//DTD XHTML 1.0 Transitional//EN"
    "http://www.w3.org/TR/xhtml1/DTD/xhtml1-transitional.dtd">
<html xmlns="http://www.w3.org/1999/xhtml" xml:lang="en" lang="en">
 <head>
  <title>
</title>
<meta http-equiv="Content-Type" content="text/html;charset=utf-8" />
  <meta name='ocr-system' content='tesseract 3.04.00' />
  <meta name='ocr-capabilities' content='ocr_page ocr_carea ocr_par ocr_line ocrx_word'/>
</head>
<body>
  <div class='ocr_page' id='page_1' title='image "./flosculicheltoni00jerruoft_0474.png"; bbox 0 0 2028 3230; ppageno 0'>
   <div class='ocr_carea' id='block_1_1' title="bbox 393 261 1602 319">
    <p class='ocr_par' dir='ltr' id='par_1_1' title="bbox 393 261 1602 319">
     <span class='ocr_line' id='line_1_1' title="bbox 393 261 1602 319; baseline 0.001 -13"><span class='ocrx_word' id='word_1_1' title='bbox 393 261 492 319; x_wconf 84' lang='lat'>446</span> <span class='ocrx_word' id='word_1_2' title='bbox 608 273 838 319; x_wconf 73' lang='lat' dir='ltr'>NicoLA1‚</span> <span class='ocrx_word' id='word_1_3' title='bbox 877 273 1155 308; x_wconf 87' lang='lat' dir='ltr'>RUSSORUM</span> <span class='ocrx_word' id='word_1_4' title='bbox 1194 273 1362 319; x_wconf 80' lang='lat' dir='ltr'>REGIS,</span> <span class='ocrx_word' id='word_1_5' title='bbox 1401 266 1602 307; x_wconf 82' lang='lat' dir='ltr'>OBITUS&#39;.</span> 
     </span>
    </p>
   </div>
   <div class='ocr_carea' id='block_1_2' title="bbox 395 392 1817 2403">
    <p class='ocr_par' dir='ltr' id='par_1_2' title="bbox 395 392 1817 2403">
     <span class='ocr_line' id='line_1_2' title="bbox 395 392 1607 457; baseline -0.002 -15"><span class='ocrx_word' id='word_1_6' title='bbox 395 393 672 456; x_wconf 88' lang='lat' dir='ltr'>Sperastine</span> <span class='ocrx_word' id='word_1_7' title='bbox 697 411 914 456; x_wconf 89' lang='lat' dir='ltr'>unquam</span> <span class='ocrx_word' id='word_1_8' title='bbox 935 394 1078 457; x_wconf 89' lang='lat' dir='ltr'>justis</span> <span class='ocrx_word' id='word_1_9' title='bbox 1103 393 1362 442; x_wconf 86' lang='lat' dir='ltr'>devincere</span> <span class='ocrx_word' id='word_1_10' title='bbox 1387 393 1437 440; x_wconf 91' lang='lat' dir='ltr'>in</span> <span class='ocrx_word' id='word_1_11' title='bbox 1462 392 1607 441; x_wconf 90' lang='lat' dir='ltr'>armis</span> 
     </span>
     <span class='ocr_line' id='line_1_3' title="bbox 400 473 1810 538; baseline -0.001 -16"><span class='ocrx_word' id='word_1_12' title='bbox 400 474 726 523; x_wconf 89' lang='lat' dir='ltr'>Monticolam</span> <span class='ocrx_word' id='word_1_13' title='bbox 748 477 776 506; x_wconf 69' lang='lat'>²*</span> <span class='ocrx_word' id='word_1_14' title='bbox 835 485 883 523; x_wconf 91' lang='lat' dir='ltr'>te</span> <span class='ocrx_word' id='word_1_15' title='bbox 942 492 1089 538; x_wconf 89' lang='lat' dir='ltr'>posse</span> <span class='ocrx_word' id='word_1_16' title='bbox 1146 475 1338 522; x_wconf 90' lang='lat' dir='ltr'>virum?</span> <span class='ocrx_word' id='word_1_17' title='bbox 1431 475 1594 535; x_wconf 85' lang='lat' dir='ltr'>Quem</span> <span class='ocrx_word' id='word_1_18' title='bbox 1651 473 1810 521; x_wconf 89' lang='lat' dir='ltr'>fausta</span> 
     </span>
     <span class='ocr_line' id='line_1_4' title="bbox 531 563 729 604; baseline 0 0"><span class='ocrx_word' id='word_1_19' title='bbox 531 563 729 604; x_wconf 85' lang='lat' dir='ltr'>&#39;tuentur</span> 
     </span>
     <span class='ocr_line' id='line_1_5' title="bbox 399 635 1674 698; baseline 0 -15"><span class='ocrx_word' id='word_1_20' title='bbox 399 636 628 696; x_wconf 81' lang='lat' dir='ltr'>Numina,</span> <span class='ocrx_word' id='word_1_21' title='bbox 656 638 734 685; x_wconf 92' lang='lat' dir='ltr'>cui</span> <span class='ocrx_word' id='word_1_22' title='bbox 760 637 964 685; x_wconf 89' lang='lat' dir='ltr'>stimulis</span> <span class='ocrx_word' id='word_1_23' title='bbox 989 638 1121 685; x_wconf 90' lang='lat' dir='ltr'>haud</span> <span class='ocrx_word' id='word_1_24' title='bbox 1146 636 1377 685; x_wconf 90' lang='lat' dir='ltr'>mollibus</span> <span class='ocrx_word' id='word_1_25' title='bbox 1401 635 1557 698; x_wconf 89' lang='lat' dir='ltr'>injicit</span> <span class='ocrx_word' id='word_1_26' title='bbox 1581 635 1674 684; x_wconf 88' lang='lat' dir='ltr'>iras</span> 
     </span>
     <span class='ocr_line' id='line_1_6' title="bbox 402 716 1686 781; baseline 0 -17"><span class='ocrx_word' id='word_1_27' title='bbox 402 718 573 766; x_wconf 88' lang='lat' dir='ltr'>Dulcis</span> <span class='ocrx_word' id='word_1_28' title='bbox 599 735 736 767; x_wconf 88' lang='lat' dir='ltr'>amor</span> <span class='ocrx_word' id='word_1_29' title='bbox 759 718 942 781; x_wconf 82' lang='lat' dir='ltr'>patriae,</span> <span class='ocrx_word' id='word_1_30' title='bbox 969 720 1276 780; x_wconf 88' lang='lat' dir='ltr'>ultoremque</span> <span class='ocrx_word' id='word_1_31' title='bbox 1301 717 1352 765; x_wconf 88' lang='lat' dir='ltr'>in</span> <span class='ocrx_word' id='word_1_32' title='bbox 1376 716 1542 780; x_wconf 84' lang='lat' dir='ltr'>praelia</span> <span class='ocrx_word' id='word_1_33' title='bbox 1565 717 1686 765; x_wconf 86' lang='lat' dir='ltr'>dura</span> 
     </span>
     <span class='ocr_line' id='line_1_7' title="bbox 402 797 1577 862; baseline 0 -17"><span class='ocrx_word' id='word_1_34' title='bbox 402 800 695 847; x_wconf 90' lang='lat' dir='ltr'>Bellatorem</span> <span class='ocrx_word' id='word_1_35' title='bbox 721 803 894 862; x_wconf 85' lang='lat' dir='ltr'>urget?</span> <span class='ocrx_word' id='word_1_36' title='bbox 965 802 1083 848; x_wconf 94' lang='lat' dir='ltr'>Non</span> <span class='ocrx_word' id='word_1_37' title='bbox 1108 799 1245 847; x_wconf 91' lang='lat' dir='ltr'>illum</span> <span class='ocrx_word' id='word_1_38' title='bbox 1269 798 1422 861; x_wconf 86' lang='lat' dir='ltr'>gloria</span> <span class='ocrx_word' id='word_1_39' title='bbox 1445 797 1577 858; x_wconf 91' lang='lat' dir='ltr'>belli,</span> 
     </span>
     <span class='ocr_line' id='line_1_8' title="bbox 403 878 1684 943; baseline 0.002 -17"><span class='ocrx_word' id='word_1_40' title='bbox 403 881 516 927; x_wconf 89' lang='lat' dir='ltr'>Non</span> <span class='ocrx_word' id='word_1_41' title='bbox 545 879 681 928; x_wconf 91' lang='lat' dir='ltr'>illum</span> <span class='ocrx_word' id='word_1_42' title='bbox 706 880 975 943; x_wconf 88' lang='lat' dir='ltr'>imperium,</span> <span class='ocrx_word' id='word_1_43' title='bbox 1004 898 1166 943; x_wconf 90' lang='lat' dir='ltr'>neque</span> <span class='ocrx_word' id='word_1_44' title='bbox 1190 881 1299 929; x_wconf 90' lang='lat' dir='ltr'>vilis</span> <span class='ocrx_word' id='word_1_45' title='bbox 1325 879 1527 928; x_wconf 90' lang='lat' dir='ltr'>suscitat</span> <span class='ocrx_word' id='word_1_46' title='bbox 1550 878 1653 929; x_wconf 92' lang='lat' dir='ltr'>auri</span> <span class='ocrx_word' id='word_1_47' title='bbox 1677 898 1684 903; x_wconf 91' lang='lat'><strong>·</strong></span> 
     </span>
     <span class='ocr_line' id='line_1_9' title="bbox 401 959 1787 1025; baseline -0.001 -17"><span class='ocrx_word' id='word_1_48' title='bbox 401 962 547 1008; x_wconf 87' lang='lat' dir='ltr'>Sacra</span> <span class='ocrx_word' id='word_1_49' title='bbox 572 963 738 1021; x_wconf 88' lang='lat' dir='ltr'>fames,</span> <span class='ocrx_word' id='word_1_50' title='bbox 766 978 927 1025; x_wconf 88' lang='lat' dir='ltr'>neque</span> <span class='ocrx_word' id='word_1_51' title='bbox 951 963 1081 1010; x_wconf 87' lang='lat' dir='ltr'>fama</span> <span class='ocrx_word' id='word_1_52' title='bbox 1103 970 1262 1021; x_wconf 88' lang='lat' dir='ltr'>vocat,</span> <span class='ocrx_word' id='word_1_53' title='bbox 1292 962 1378 1010; x_wconf 92' lang='lat' dir='ltr'>sed</span> <span class='ocrx_word' id='word_1_54' title='bbox 1403 978 1524 1023; x_wconf 91' lang='lat' dir='ltr'>pura</span> <span class='ocrx_word' id='word_1_55' title='bbox 1547 977 1634 1023; x_wconf 92' lang='lat' dir='ltr'>per</span> <span class='ocrx_word' id='word_1_56' title='bbox 1657 959 1787 1022; x_wconf 90' lang='lat' dir='ltr'>ipsas</span> 
     </span>
     <span class='ocr_line' id='line_1_10' title="bbox 404 1042 1566 1105; baseline 0 -17"><span class='ocrx_word' id='word_1_57' title='bbox 404 1042 626 1090; x_wconf 84' lang='lat' dir='ltr'>Libertas</span> <span class='ocrx_word' id='word_1_58' title='bbox 651 1044 789 1091; x_wconf 88' lang='lat' dir='ltr'>ardet</span> <span class='ocrx_word' id='word_1_59' title='bbox 812 1060 977 1103; x_wconf 88' lang='lat' dir='ltr'>venas,</span> <span class='ocrx_word' id='word_1_60' title='bbox 1006 1052 1296 1105; x_wconf 83' lang='lat' dir='ltr'>servantque</span> <span class='ocrx_word' id='word_1_61' title='bbox 1322 1059 1409 1104; x_wconf 89' lang='lat' dir='ltr'>per</span> <span class='ocrx_word' id='word_1_62' title='bbox 1432 1058 1566 1089; x_wconf 89' lang='lat' dir='ltr'>arma</span> 
     </span>
     <span class='ocr_line' id='line_1_11' title="bbox 403 1114 1654 1187; baseline 0 -17"><span class='ocrx_word' id='word_1_63' title='bbox 403 1114 865 1187; x_wconf 83' lang='lat' dir='ltr'>Indebellatumque</span> <span class='ocrx_word' id='word_1_64' title='bbox 886 1126 1060 1187; x_wconf 88' lang='lat' dir='ltr'>juvant</span> <span class='ocrx_word' id='word_1_65' title='bbox 1084 1126 1194 1174; x_wconf 90' lang='lat' dir='ltr'>loca</span> <span class='ocrx_word' id='word_1_66' title='bbox 1218 1133 1392 1186; x_wconf 83' lang='lat' dir='ltr'>tesqua</span> <span class='ocrx_word' id='word_1_67' title='bbox 1413 1124 1654 1186; x_wconf 86' lang='lat' dir='ltr'>jugorum.</span> 
     </span>
     <span class='ocr_line' id='line_1_12' title="bbox 402 1205 1609 1268; baseline 0.001 -17"><span class='ocrx_word' id='word_1_68' title='bbox 402 1206 546 1253; x_wconf 91' lang='lat' dir='ltr'>Anne</span> <span class='ocrx_word' id='word_1_69' title='bbox 572 1205 661 1253; x_wconf 91' lang='lat' dir='ltr'>tibi</span> <span class='ocrx_word' id='word_1_70' title='bbox 686 1207 886 1268; x_wconf 91' lang='lat' dir='ltr'>prodest</span> <span class='ocrx_word' id='word_1_71' title='bbox 912 1205 1101 1254; x_wconf 88' lang='lat' dir='ltr'>etiamsi</span> <span class='ocrx_word' id='word_1_72' title='bbox 1130 1205 1422 1268; x_wconf 84' lang='lat' dir='ltr'>Hyrcania†</span> <span class='ocrx_word' id='word_1_73' title='bbox 1446 1213 1609 1252; x_wconf 88' lang='lat' dir='ltr'>vastas</span> 
     </span>
     <span class='ocr_line' id='line_1_13' title="bbox 402 1285 1678 1350; baseline -0.001 -17"><span class='ocrx_word' id='word_1_74' title='bbox 402 1285 613 1348; x_wconf 89' lang='lat' dir='ltr'>Suspicit</span> <span class='ocrx_word' id='word_1_75' title='bbox 636 1288 770 1335; x_wconf 88' lang='lat' dir='ltr'>unda</span> <span class='ocrx_word' id='word_1_76' title='bbox 796 1289 979 1350; x_wconf 88' lang='lat' dir='ltr'>Pylas?</span> <span class='ocrx_word' id='word_1_77' title='bbox 1047 1287 1213 1335; x_wconf 89' lang='lat' dir='ltr'>Virtus</span> <span class='ocrx_word' id='word_1_78' title='bbox 1240 1286 1494 1335; x_wconf 88' lang='lat' dir='ltr'>sublimior</span> <span class='ocrx_word' id='word_1_79' title='bbox 1516 1286 1678 1349; x_wconf 90' lang='lat' dir='ltr'>ipsum</span> 
     </span>
     <span class='ocr_line' id='line_1_14' title="bbox 403 1367 1717 1432; baseline 0 -18"><span class='ocrx_word' id='word_1_80' title='bbox 403 1369 463 1415; x_wconf 89' lang='lat' dir='ltr'>Se</span> <span class='ocrx_word' id='word_1_81' title='bbox 489 1369 618 1416; x_wconf 90' lang='lat' dir='ltr'>levat</span> <span class='ocrx_word' id='word_1_82' title='bbox 643 1370 707 1416; x_wconf 92' lang='lat' dir='ltr'>ad</span> <span class='ocrx_word' id='word_1_83' title='bbox 731 1371 919 1428; x_wconf 82' lang='lat' dir='ltr'>caelum,</span> <span class='ocrx_word' id='word_1_84' title='bbox 946 1369 1220 1432; x_wconf 87' lang='lat' dir='ltr'>pennisque</span> <span class='ocrx_word' id='word_1_85' title='bbox 1245 1369 1461 1431; x_wconf 83' lang='lat' dir='ltr'>adsurgit</span> <span class='ocrx_word' id='word_1_86' title='bbox 1484 1367 1535 1415; x_wconf 92' lang='lat' dir='ltr'>in</span> <span class='ocrx_word' id='word_1_87' title='bbox 1559 1376 1687 1415; x_wconf 88' lang='lat' dir='ltr'>astra</span> <span class='ocrx_word' id='word_1_88' title='bbox 1708 1369 1717 1414; x_wconf 72' lang='grc' dir='ltr'><strong>Ξ</strong></span> 
     </span>
     <span class='ocr_line' id='line_1_15' title="bbox 404 1448 1549 1512; baseline 0.001 -17"><span class='ocrx_word' id='word_1_89' title='bbox 404 1448 519 1497; x_wconf 92' lang='lat' dir='ltr'>Vidi</span> <span class='ocrx_word' id='word_1_90' title='bbox 546 1466 636 1512; x_wconf 85' lang='lat' dir='ltr'>ego</span> <span class='ocrx_word' id='word_1_91' title='bbox 662 1451 854 1499; x_wconf 89' lang='lat' dir='ltr'>caerulei</span> <span class='ocrx_word' id='word_1_92' title='bbox 880 1468 931 1499; x_wconf 90' lang='lat' dir='ltr'>se</span> <span class='ocrx_word' id='word_1_93' title='bbox 955 1452 1151 1499; x_wconf 92' lang='lat' dir='ltr'>volvere</span> <span class='ocrx_word' id='word_1_94' title='bbox 1176 1449 1377 1498; x_wconf 89' lang='lat' dir='ltr'>flumina</span> <span class='ocrx_word' id='word_1_95' title='bbox 1403 1448 1549 1497; x_wconf 88' lang='lat' dir='ltr'>Ponti</span> 
     </span>
     <span class='ocr_line' id='line_1_16' title="bbox 404 1529 1697 1594; baseline -0.001 -17"><span class='ocrx_word' id='word_1_96' title='bbox 404 1531 801 1594; x_wconf 86' lang='lat' dir='ltr'>Sanguinolenta,</span> <span class='ocrx_word' id='word_1_97' title='bbox 829 1533 987 1580; x_wconf 88' lang='lat' dir='ltr'>undas</span> <span class='ocrx_word' id='word_1_98' title='bbox 1011 1532 1095 1580; x_wconf 91' lang='lat' dir='ltr'>ubi</span> <span class='ocrx_word' id='word_1_99' title='bbox 1121 1531 1340 1580; x_wconf 89' lang='lat' dir='ltr'>dimovet</span> <span class='ocrx_word' id='word_1_100' title='bbox 1364 1532 1462 1579; x_wconf 88' lang='lat' dir='ltr'>alta</span> <span class='ocrx_word' id='word_1_101' title='bbox 1486 1529 1697 1591; x_wconf 89' lang='lat' dir='ltr'>Sinope:</span> 
     </span>
     <span class='ocr_line' id='line_1_17' title="bbox 408 1607 1779 1675; baseline -0.001 -18"><span class='ocrx_word' id='word_1_102' title='bbox 408 1612 524 1659; x_wconf 91' lang='lat' dir='ltr'>Heu</span> <span class='ocrx_word' id='word_1_103' title='bbox 546 1615 553 1658; x_wconf 71' lang='grc' dir='ltr'><strong>Ξ</strong></span> <span class='ocrx_word' id='word_1_104' title='bbox 592 1621 802 1674; x_wconf 85' lang='lat' dir='ltr'>quantus</span> <span class='ocrx_word' id='word_1_105' title='bbox 828 1612 1035 1675; x_wconf 84' lang='lat' dir='ltr'>sanguis,</span> <span class='ocrx_word' id='word_1_106' title='bbox 1065 1621 1186 1674; x_wconf 90' lang='lat' dir='ltr'>quot</span> <span class='ocrx_word' id='word_1_107' title='bbox 1209 1613 1378 1660; x_wconf 87' lang='lat' dir='ltr'>funera</span> <span class='ocrx_word' id='word_1_108' title='bbox 1401 1620 1540 1658; x_wconf 89' lang='lat' dir='ltr'>vasta</span> <span class='ocrx_word' id='word_1_109' title='bbox 1564 1611 1654 1658; x_wconf 91' lang='lat' dir='ltr'>sub</span> <span class='ocrx_word' id='word_1_110' title='bbox 1679 1607 1779 1656; x_wconf 90' lang='lat' dir='ltr'>imo</span> 
     </span>
     <span class='ocr_line' id='line_1_18' title="bbox 411 1682 1714 1741; baseline 0 -4"><span class='ocrx_word' id='word_1_111' title='bbox 411 1691 659 1740; x_wconf 91' lang='lat' dir='ltr'>Delituere</span> <span class='ocrx_word' id='word_1_112' title='bbox 685 1693 833 1740; x_wconf 84' lang='lat' dir='ltr'>mari!</span> <span class='ocrx_word' id='word_1_113' title='bbox 905 1694 1052 1741; x_wconf 90' lang='lat' dir='ltr'>Sedet</span> <span class='ocrx_word' id='word_1_114' title='bbox 1077 1703 1180 1741; x_wconf 91' lang='lat' dir='ltr'>atra</span> <span class='ocrx_word' id='word_1_115' title='bbox 1204 1692 1254 1740; x_wconf 91' lang='lat' dir='ltr'>in</span> <span class='ocrx_word' id='word_1_116' title='bbox 1279 1691 1459 1740; x_wconf 89' lang='lat' dir='ltr'>vertice</span> <span class='ocrx_word' id='word_1_117' title='bbox 1486 1706 1678 1739; x_wconf 90' lang='lat' dir='ltr'>summo</span> <span class='ocrx_word' id='word_1_118' title='bbox 1712 1682 1714 1685; x_wconf 46' lang='grc'><strong>”</strong></span> 
     </span>
     <span class='ocr_line' id='line_1_19' title="bbox 411 1771 1763 1837; baseline -0.001 -19"><span class='ocrx_word' id='word_1_119' title='bbox 411 1773 474 1819; x_wconf 90' lang='lat' dir='ltr'>Et</span> <span class='ocrx_word' id='word_1_120' title='bbox 498 1775 667 1834; x_wconf 90' lang='lat' dir='ltr'>procul</span> <span class='ocrx_word' id='word_1_121' title='bbox 692 1774 823 1821; x_wconf 89' lang='lat' dir='ltr'>haud</span> <span class='ocrx_word' id='word_1_122' title='bbox 849 1774 1001 1822; x_wconf 91' lang='lat' dir='ltr'>dubio</span> <span class='ocrx_word' id='word_1_123' title='bbox 1027 1774 1165 1837; x_wconf 86' lang='lat' dir='ltr'>signo</span> <span class='ocrx_word' id='word_1_124' title='bbox 1194 1776 1332 1821; x_wconf 90' lang='lat' dir='ltr'>Mors</span> <span class='ocrx_word' id='word_1_125' title='bbox 1357 1771 1541 1820; x_wconf 86' lang='lat' dir='ltr'>indicat</span> <span class='ocrx_word' id='word_1_126' title='bbox 1566 1785 1763 1833; x_wconf 87' lang='lat' dir='ltr'>aequor:</span> 
     </span>
     <span class='ocr_line' id='line_1_20' title="bbox 412 1851 1814 1918; baseline -0.001 -19"><span class='ocrx_word' id='word_1_127' title='bbox 412 1856 438 1876; x_wconf 85' lang='lat'><strong>“</strong></span> <span class='ocrx_word' id='word_1_128' title='bbox 460 1854 585 1902; x_wconf 88' lang='lat' dir='ltr'>Haec</span> <span class='ocrx_word' id='word_1_129' title='bbox 632 1871 742 1903; x_wconf 88' lang='lat' dir='ltr'>mea</span> <span class='ocrx_word' id='word_1_130' title='bbox 782 1857 997 1918; x_wconf 89' lang='lat' dir='ltr'>Regna‚&#39;&#39;</span> <span class='ocrx_word' id='word_1_131' title='bbox 1036 1854 1194 1917; x_wconf 91' lang='lat' dir='ltr'>inquit</span> <span class='ocrx_word' id='word_1_132' title='bbox 1217 1874 1226 1903; x_wconf 91' lang='lat'>:</span> <span class='ocrx_word' id='word_1_133' title='bbox 1279 1854 1500 1900; x_wconf 90' lang='lat' dir='ltr'>“fluctus</span> <span class='ocrx_word' id='word_1_134' title='bbox 1540 1851 1662 1914; x_wconf 88' lang='lat' dir='ltr'>fugit</span> <span class='ocrx_word' id='word_1_135' title='bbox 1699 1865 1814 1899; x_wconf 90' lang='lat' dir='ltr'>ecce</span> 
     </span>
     <span class='ocr_line' id='line_1_21' title="bbox 545 1945 772 1984; baseline 0.004 -1"><span class='ocrx_word' id='word_1_136' title='bbox 545 1945 772 1984; x_wconf 88' lang='lat' dir='ltr'>cruentos</span> 
     </span>
     <span class='ocr_line' id='line_1_22' title="bbox 411 2013 1616 2079; baseline -0.001 -17"><span class='ocrx_word' id='word_1_137' title='bbox 411 2018 661 2075; x_wconf 86' lang='lat' dir='ltr'>Aversata‚</span> <span class='ocrx_word' id='word_1_138' title='bbox 689 2027 916 2079; x_wconf 89' lang='lat' dir='ltr'>retroque</span> <span class='ocrx_word' id='word_1_139' title='bbox 942 2016 1088 2065; x_wconf 90' lang='lat' dir='ltr'>trahit</span> <span class='ocrx_word' id='word_1_140' title='bbox 1110 2015 1332 2064; x_wconf 83' lang='lat' dir='ltr'>Victoria</span> <span class='ocrx_word' id='word_1_141' title='bbox 1355 2013 1616 2077; x_wconf 86' lang='lat' dir='ltr'>gressum.”</span> 
     </span>
     <span class='ocr_line' id='line_1_23' title="bbox 413 2091 1817 2160; baseline -0.003 -16"><span class='ocrx_word' id='word_1_142' title='bbox 413 2098 547 2144; x_wconf 92' lang='lat' dir='ltr'>Num</span> <span class='ocrx_word' id='word_1_143' title='bbox 572 2097 660 2145; x_wconf 88' lang='lat' dir='ltr'>tibi</span> <span class='ocrx_word' id='word_1_144' title='bbox 687 2098 895 2160; x_wconf 81' lang='lat' dir='ltr'>Phasis‡</span> <span class='ocrx_word' id='word_1_145' title='bbox 923 2097 1198 2147; x_wconf 90' lang='lat' dir='ltr'>erit—num</span> <span class='ocrx_word' id='word_1_146' title='bbox 1222 2098 1326 2143; x_wconf 88' lang='lat' dir='ltr'>laus</span> <span class='ocrx_word' id='word_1_147' title='bbox 1353 2094 1441 2142; x_wconf 89' lang='lat' dir='ltr'>erit</span> <span class='ocrx_word' id='word_1_148' title='bbox 1471 2094 1570 2141; x_wconf 90' lang='lat' dir='ltr'>ulla</span> <span class='ocrx_word' id='word_1_149' title='bbox 1593 2091 1775 2154; x_wconf 88' lang='lat' dir='ltr'>Sinope</span> <span class='ocrx_word' id='word_1_150' title='bbox 1795 2095 1817 2140; x_wconf 91' lang='lat'>?</span> 
     </span>
     <span class='ocr_line' id='line_1_24' title="bbox 412 2173 1687 2238; baseline -0.004 -12"><span class='ocrx_word' id='word_1_151' title='bbox 412 2178 602 2226; x_wconf 89' lang='lat' dir='ltr'>Ultima</span> <span class='ocrx_word' id='word_1_152' title='bbox 625 2178 674 2225; x_wconf 93' lang='lat' dir='ltr'>in</span> <span class='ocrx_word' id='word_1_153' title='bbox 701 2180 917 2226; x_wconf 86' lang='lat' dir='ltr'>excelsas</span> <span class='ocrx_word' id='word_1_154' title='bbox 941 2178 1025 2227; x_wconf 93' lang='lat' dir='ltr'>ubi</span> <span class='ocrx_word' id='word_1_155' title='bbox 1050 2177 1258 2226; x_wconf 86' lang='lat' dir='ltr'>Taurica</span> <span class='ocrx_word' id='word_1_156' title='bbox 1282 2175 1431 2238; x_wconf 86' lang='lat' dir='ltr'>surgit</span> <span class='ocrx_word' id='word_1_157' title='bbox 1455 2176 1518 2222; x_wconf 94' lang='lat' dir='ltr'>ab</span> <span class='ocrx_word' id='word_1_158' title='bbox 1542 2173 1687 2222; x_wconf 91' lang='lat' dir='ltr'>undis</span> 
     </span>
     <span class='ocr_line' id='line_1_25' title="bbox 412 2255 1805 2321; baseline -0.004 -15"><span class='ocrx_word' id='word_1_159' title='bbox 412 2258 674 2321; x_wconf 90' lang='lat' dir='ltr'>AEquoreis</span> <span class='ocrx_word' id='word_1_160' title='bbox 699 2275 847 2318; x_wconf 86' lang='lat' dir='ltr'>arces,</span> <span class='ocrx_word' id='word_1_161' title='bbox 874 2259 1128 2307; x_wconf 92' lang='lat' dir='ltr'>hominum</span> <span class='ocrx_word' id='word_1_162' title='bbox 1154 2257 1321 2319; x_wconf 89' lang='lat' dir='ltr'>strepit</span> <span class='ocrx_word' id='word_1_163' title='bbox 1344 2255 1563 2317; x_wconf 89' lang='lat' dir='ltr'>undique</span> <span class='ocrx_word' id='word_1_164' title='bbox 1588 2271 1805 2303; x_wconf 91' lang='lat' dir='ltr'>murmur</span> 
     </span>
     <span class='ocr_line' id='line_1_26' title="bbox 415 2339 1448 2403; baseline -0.004 -14"><span class='ocrx_word' id='word_1_165' title='bbox 415 2343 478 2389; x_wconf 90' lang='lat' dir='ltr'>Et</span> <span class='ocrx_word' id='word_1_166' title='bbox 501 2341 635 2389; x_wconf 91' lang='lat' dir='ltr'>vario</span> <span class='ocrx_word' id='word_1_167' title='bbox 660 2340 841 2389; x_wconf 89' lang='lat' dir='ltr'>circum</span> <span class='ocrx_word' id='word_1_168' title='bbox 866 2340 1098 2403; x_wconf 84' lang='lat' dir='ltr'>fulgentia</span> <span class='ocrx_word' id='word_1_169' title='bbox 1123 2339 1259 2402; x_wconf 86' lang='lat' dir='ltr'>signa</span> <span class='ocrx_word' id='word_1_170' title='bbox 1283 2339 1448 2386; x_wconf 91' lang='lat' dir='ltr'>colore</span> 
     </span>
    </p>
   </div>
   <div class='ocr_carea' id='block_1_3' title="bbox 414 2475 1820 2850">
    <p class='ocr_par' dir='ltr' id='par_1_3' title="bbox 467 2475 727 2526">
     <span class='ocr_line' id='line_1_27' title="bbox 467 2475 727 2526; baseline -0.008 -10"><span class='ocrx_word' id='word_1_171' title='bbox 467 2475 492 2501; x_wconf 72' lang='lat'>&#39;¹‘</span> <span class='ocrx_word' id='word_1_172' title='bbox 524 2475 727 2526; x_wconf 87' lang='lat' dir='ltr'>Schamyl.</span> 
     </span>
    </p>

    <p class='ocr_par' dir='ltr' id='par_1_4' title="bbox 414 2534 1820 2773">
     <span class='ocr_line' id='line_1_28' title="bbox 467 2534 1818 2591; baseline -0.005 -12"><span class='ocrx_word' id='word_1_173' title='bbox 467 2543 497 2586; x_wconf 67' lang='grc' dir='ltr'>’ὴ</span> <span class='ocrx_word' id='word_1_174' title='bbox 525 2541 616 2580; x_wconf 92' lang='lat' dir='ltr'>The</span> <span class='ocrx_word' id='word_1_175' title='bbox 654 2540 834 2591; x_wconf 85' lang='lat' dir='ltr'>Caspian</span> <span class='ocrx_word' id='word_1_176' title='bbox 879 2538 988 2577; x_wconf 88' lang='lat' dir='ltr'>faces</span> <span class='ocrx_word' id='word_1_177' title='bbox 1034 2538 1103 2576; x_wconf 92' lang='lat' dir='ltr'>the</span> <span class='ocrx_word' id='word_1_178' title='bbox 1148 2543 1262 2588; x_wconf 85' lang='lat' dir='ltr'>gates</span> <span class='ocrx_word' id='word_1_179' title='bbox 1300 2536 1347 2575; x_wconf 88' lang='lat' dir='ltr'>of</span> <span class='ocrx_word' id='word_1_180' title='bbox 1389 2535 1609 2574; x_wconf 70' lang='lat' dir='ltr'>Det-bend:</span> <span class='ocrx_word' id='word_1_181' title='bbox 1664 2534 1818 2585; x_wconf 87' lang='lat' dir='ltr'>“Pylae</span> 
     </span>
     <span class='ocr_line' id='line_1_29' title="bbox 416 2598 1820 2653; baseline -0.005 -9"><span class='ocrx_word' id='word_1_182' title='bbox 416 2604 650 2645; x_wconf 84' lang='lat' dir='ltr'>Albaniae.”</span> <span class='ocrx_word' id='word_1_183' title='bbox 691 2619 728 2644; x_wconf 94' lang='lat' dir='ltr'>v.</span> <span class='ocrx_word' id='word_1_184' title='bbox 754 2604 901 2643; x_wconf 90' lang='lat' dir='ltr'>Alison</span> <span class='ocrx_word' id='word_1_185' title='bbox 921 2603 983 2641; x_wconf 86' lang='lat' dir='ltr'>for</span> <span class='ocrx_word' id='word_1_186' title='bbox 1002 2616 1026 2641; x_wconf 83' lang='lat' dir='ltr'>a</span> <span class='ocrx_word' id='word_1_187' title='bbox 1045 2601 1293 2653; x_wconf 87' lang='lat' dir='ltr'>description</span> <span class='ocrx_word' id='word_1_188' title='bbox 1310 2601 1357 2639; x_wconf 91' lang='lat' dir='ltr'>of</span> <span class='ocrx_word' id='word_1_189' title='bbox 1371 2601 1484 2640; x_wconf 89' lang='lat' dir='ltr'>these</span> <span class='ocrx_word' id='word_1_190' title='bbox 1504 2612 1654 2651; x_wconf 87' lang='lat' dir='ltr'>passes,</span> <span class='ocrx_word' id='word_1_191' title='bbox 1677 2598 1820 2638; x_wconf 85' lang='lat' dir='ltr'>Dariel</span> 
     </span>
     <span class='ocr_line' id='line_1_30' title="bbox 414 2663 1819 2715; baseline -0.006 -6"><span class='ocrx_word' id='word_1_192' title='bbox 414 2671 495 2709; x_wconf 85' lang='lat' dir='ltr'>and</span> <span class='ocrx_word' id='word_1_193' title='bbox 531 2670 738 2709; x_wconf 88' lang='lat' dir='ltr'>Derbend.</span> <span class='ocrx_word' id='word_1_194' title='bbox 801 2667 996 2708; x_wconf 78' lang='lat' dir='ltr'>Derbend</span> <span class='ocrx_word' id='word_1_195' title='bbox 1026 2666 1151 2705; x_wconf 86' lang='lat' dir='ltr'>forms</span> <span class='ocrx_word' id='word_1_196' title='bbox 1184 2666 1253 2705; x_wconf 90' lang='lat' dir='ltr'>the</span> <span class='ocrx_word' id='word_1_197' title='bbox 1284 2666 1460 2704; x_wconf 87' lang='lat' dir='ltr'>Russian</span> <span class='ocrx_word' id='word_1_198' title='bbox 1490 2663 1731 2715; x_wconf 88' lang='lat' dir='ltr'>stronghold</span> <span class='ocrx_word' id='word_1_199' title='bbox 1764 2675 1819 2701; x_wconf 88' lang='lat' dir='ltr'>on</span> 
     </span>
     <span class='ocr_line' id='line_1_31' title="bbox 415 2734 798 2773; baseline 0.003 -1"><span class='ocrx_word' id='word_1_200' title='bbox 415 2735 484 2773; x_wconf 87' lang='lat' dir='ltr'>the</span> <span class='ocrx_word' id='word_1_201' title='bbox 505 2734 682 2773; x_wconf 88' lang='lat' dir='ltr'>Russian</span> <span class='ocrx_word' id='word_1_202' title='bbox 701 2734 798 2773; x_wconf 89' lang='lat' dir='ltr'>side.</span> 
     </span>
    </p>

    <p class='ocr_par' dir='ltr' id='par_1_5' title="bbox 471 2794 1490 2850">
     <span class='ocr_line' id='line_1_32' title="bbox 471 2794 1490 2850; baseline -0.005 -12"><span class='ocrx_word' id='word_1_203' title='bbox 471 2800 495 2850; x_wconf 55' lang='grc' dir='ltr'>ζ</span> <span class='ocrx_word' id='word_1_204' title='bbox 526 2799 602 2838; x_wconf 88' lang='lat' dir='ltr'>Put</span> <span class='ocrx_word' id='word_1_205' title='bbox 622 2799 684 2838; x_wconf 91' lang='lat' dir='ltr'>for</span> <span class='ocrx_word' id='word_1_206' title='bbox 702 2799 772 2838; x_wconf 89' lang='lat' dir='ltr'>the</span> <span class='ocrx_word' id='word_1_207' title='bbox 793 2798 1012 2844; x_wconf 85' lang='lat' dir='ltr'>Caucasus,</span> <span class='ocrx_word' id='word_1_208' title='bbox 1037 2795 1141 2834; x_wconf 85' lang='lat' dir='ltr'>from</span> <span class='ocrx_word' id='word_1_209' title='bbox 1161 2795 1295 2834; x_wconf 86' lang='lat' dir='ltr'>which</span> <span class='ocrx_word' id='word_1_210' title='bbox 1314 2797 1344 2834; x_wconf 86' lang='lat' dir='ltr'>it</span> <span class='ocrx_word' id='word_1_211' title='bbox 1364 2794 1490 2833; x_wconf 87' lang='lat' dir='ltr'>flows.</span> 
     </span>
    </p>
   </div>
  </div>
 </body>
</html>
