2028 3230
871 245 967 298 325

530 684 856 744 GREEK
913 685 1309 746 IAMBICS.

326 875 394 917 of’
415 875 522 929 ἔργα
533 876 694 930 δράσας,
714 877 768 919 οῖ’
791 877 1001 929 ἀμείβεται
1021 877 1481 920 κακά.-ΞΟΡΗΟΟΙ,Ε3.

203 1040 499 1098 ΘΑΡΣΕΙ·
539 1041 724 1111 φύλαξ
744 1041 848 1112 γὰρ
875 1042 999 1096 ἕστε
1024 1041 1087 1107 δὴ
1114 1041 1414 1110 θανούμεθα

203 1127 292 1181 σοὶ
316 1128 414 1195 μὲν
438 1129 707 1202 παρέσται
731 1128 940 1187 πιστός·
979 1127 1107 1183 ἀλλ’
1134 1127 1288 1194 ὅμως,
1315 1129 1482 1197 γύναι,

203 1210 251 1263 εἰ
271 1210 347 1279 μὴ
371 1215 620 1266 παλαιῶν
646 1212 850 1284 φροῦδα
873 1212 1132 1279 μαντείων
1157 1212 1260 1279 ἔπη

203 1293 258 1346 ἐν
282 1293 406 1364 τῇδε
430 1294 659 1349 θάνατον
684 1294 777 1349 οἶδ’
806 1297 1135 1361 ἀπαντήσων
1160 1295 1276 1368 ὁδῷ·

203 1377 264 1429 οὐ
286 1378 391 1450 γάρ
411 1400 464 1432 τι
489 1378 715 1452 τερπνὸν
740 1377 946 1442 ἔλαβον
973 1381 1031 1433 ἐκ
1058 1379 1211 1432 σέθεν
1234 1378 1372 1444 βίον,

202 1459 317 1514 ἀνθ’
344 1462 420 1523 οὗ,
447 1462 701 1533 τύραννον
727 1462 805 1516 δεῖ
829 1467 1165 1535 φιλοψυχεῖν
1191 1463 1295 1531 ἐμὲ,

202 1542 244 1615 ᾧ
269 1542 331 1611 δὴ
356 1546 483 1607 βίου
508 1545 579 1599 σὺ
604 1545 813 1600 σκοπὸν
838 1543 1181 1617 ἀνατρέψασ’
1208 1544 1361 1618 ἔχεις·

202 1627 441 1701 ἐπίσχες,
470 1627 582 1682 ἔστ’
609 1629 691 1694 ἂν,
718 1633 811 1683 τοῦ
835 1650 897 1696 γε
923 1633 1023 1682 σοῦ
1050 1627 1258 1700 κέρδους
1284 1628 1458 1700 χάριν,

201 1711 262 1764 τὸ
287 1711 387 1766 σὸν
409 1711 708 1767 πανύστατ’
736 1711 1098 1783 ἐξαμαρτηθὲν
1122 1710 1278 1778 λέγω.

201 1795 262 1863 ἐξ
283 1796 344 1850 οὗ
370 1794 656 1866 στράτευμ’
684 1795 875 1864 ἐξῆλθε
898 1793 1176 1863 (Ρωμαίων
1200 1793 1408 1867 χθονὸς,

200 1876 334 1932 ὁδῶν
356 1880 640 1948 ,Βρυουσῶν
665 1879 947 1950 ἁρπαγαῖς,
978 1876 1207 1950 φρούδου
1233 1877 1407 1940 νόμου,

200 1959 312 2014 ἔσθ’
339 1962 401 2017 οὗ
425 1985 478 2016 τι
503 1963 622 2034 χεὶρ
648 1960 906 2031 ἄτρεστος
932 1958 1243 2030 ἐξεπράξατ’
1271 1962 1337 2013 ἂν

200 2043 452 2114 τόλμημα
478 2043 645 2099 δεινὸν
669 2043 990 2114 παρανόμως
1016 2043 1375 2114 εἰργασμένον·

199 2128 337 2192 ὅμως
362 2127 418 2182 δὲ
442 2130 653 2199 πρῶτος
679 2131 785 2182 τῶν
809 2128 938 2198 πρὶν
963 2128 1218 2199 ἀρχηγῶν
1245 2126 1348 2194 ἐγὼ

198 2216 296 2279 γῆς
321 2210 497 2279 τῆσδε,
525 2211 706 2277 πάσης
733 2210 796 2272 θ’,
822 2212 1001 2283 ἧσπερ
1028 2209 1279 2279 ἡγούμην,
1307 2210 1498 2283 χθονὸς

200 2292 297 2360 τὴν
320 2292 528 2365 πρόσθε
552 2293 836 2360 πλαγκτὴν
864 2293 1071 2347 ἱππέων
1096 2292 1312 2362 ὁμιλίαν

200 2377 418 2444 σύνηξα,
447 2377 653 2435 πάντας
677 2398 780 2445 μου
803 2376 1054 2446 βραβέως
1080 2376 1357 2443 ὑπηκόους,

199 2458 403 2529 ἀνδρῶν
427 2457 598 2513 ἄωτον
620 2459 888 2530 λαμπρὸν,
916 2458 1099 2532 ἡρώων
1125 2459 1340 2518 στάσιν,

199 2545 309 2600 τοῖς
333 2545 475 2596 πᾶσι
500 2546 708 2608 κλεινῆς
734 2541 899 2611 δεῖγμ’
927 2541 1200 2614 ἀριστείας
1223 2544 1455 2614 βροτοῖς,

199 2626 373 2697 ἀρχὴν
398 2623 493 2691 μὲν
518 2624 614 2677 οὐκ
638 2625 827 2693 ἄτιμον
852 2625 1038 2683 αἰῶνος
1064 2626 1197 2679 νέου.

199 2709 345 2763 οὗτοι
371 2706 426 2760 δὲ
450 2706 660 2768 πάντες,
688 2707 1098 2774 ἐγκελεύσαντος
1123 2708 1242 2780 χερὶ

199 2789 561 2860 ἐνδεξιοῦσθαι
585 2787 719 2863 χεῖρ’
747 2789 888 2858 ἐμοῦ,
917 2789 1189 2845 διώιιοσαν

850 2889 881 2923 Y
920 2891 946 2922 2
