2028 3230
133 1632 152 1651 ν

678 211 858 246 GREEK
894 211 1265 247 HEXAMETERS.
1597 218 1615 248 J
1627 217 1688 262 23

258 331 580 405 ἐκπερόωντι
603 330 780 390 δύσεις
802 329 1112 403 ’Τπερίονος
1137 329 1394 394 Ἠελίοιο,

258 414 440 470 πάντα
464 413 521 469 δὲ
546 413 810 482 ἑσπερίων
834 415 1049 484 ἄστρων
1074 414 1364 488 δροσόεντα
1387 417 1601 488 λοετρὰ,

258 501 483 552 πλῶσαι
508 495 592 550 ἐπ’
617 495 898 550 Ὠκεάνοιο
922 498 1244 567 βαθυρρόου,
1272 497 1324 555 ἔς
1349 521 1407 552 τε
1435 499 1663 566 θάνοιμι.

257 581 376 648 ἤτοι
402 581 530 638 ἴσως
555 579 752 638 πόντος
775 578 899 652 τάχ’
927 580 1208 634 ἐπικλύσει
1233 581 1666 651 ἀμφικυλισθεὶς,

257 663 379 731 ἤτοι
405 664 550 724 ἴσως,
578 662 627 716 εἴ
646 684 755 716 που
779 662 899 717 τόδε
923 662 986 728 δὴ
1012 662 1391 732 τετελεσμένον
1417 664 1551 730 ἐστὶ,

258 746 448 814 νήσους
469 748 521 805 ἐς
537 745 793 815 μακάρων
812 744 937 818 τάχ’
958 745 1253 816 ἀφιξόμεθ’,
1274 746 1404 801 ὥσθ’
1423 746 1695 818 ὁράασθαι

260 831 550 896 Πηλεΐωνα
572 829 756 899 μέγαν,
785 828 975 900 ἕταρον
1000 829 1179 901 φίλον,
1209 829 1376 883 εἴποτ’
1405 830 1494 896 ἔην
1518 853 1595 900 «γε.

257 912 448 967 πολλὰ
461 913 560 981 μὲν
577 911 869 984 ἥρπασται,
881 912 960 966 ἔτι
977 910 1019 964 δ’
1038 912 1248 982 ἐμμένει
1265 913 1472 981 ἔμπεδα
1487 915 1691 977 πολλὰ,

257 995 543 1071 οἰχομένης
556 994 612 1048 δέ
636 1017 754 1065 περ,
770 995 837 1063 ἣν
851 995 982 1066 πρὶν
997 997 1290 1069 ἐχέσκομεν
1309 997 1414 1055 υἷες
1432 996 1690 1070 Ἀχαιῶν,

261 1078 465 1153 ἰσχύος,
491 1079 527 1148 ἣ
550 1078 711 1148 *γαῖάν
735 1075 782 1132 τ’
809 1078 1017 1147 ἐλέλιξε
1042 1079 1132 1133 καὶ
1158 1081 1396 1152 οὐρανὸν,
1424 1081 1596 1149 ἔμπης

260 1163 424 1233 ἐσμὲν
466 1162 600 1232 ὅπερ
637 1160 684 1215 τ’
711 1162 887 1233 ἐσμὲν,
913 1164 1105 1234 βροτοὶ
1145 1163 1381 1233 ἄλκιμοι,
1424 1163 1519 1218 ἶσα
1563 1170 1693 1237 φρο-

405 1249 630 1307 vnvm-ee,

259 1331 457 1399 ἥλικες,
484 1327 744 1398 ἰσόμοροι,
774 1332 882 1383 τῶν
905 1351 965 1383 τε
989 1328 1176 1386 σθένος
1203 1330 1354 1383 ἐστὶν
1380 1329 1545 1392 ἔῑσον,

260 1411 426 1482 νγήραῑ
444 1411 543 1481 μὲν
566 1410 730 1484 μοίρᾳ
754 1409 800 1464 τ’
825 1412 1091 1484 ἀρημένοι,
1122 1413 1271 1467 ἀλλὰ
1296 1413 1531 1484 πάρεστι

263 1494 426 1560 θυμὸς
449 1494 526 1550 ε’νὶ
549 1494 930 1566 πραπίδεσσιν,
949 1498 1042 1553 ὅου
1064 1497 1218 1566 μένος
1240 1498 1335 1550 οὐκ
1360 1497 1691 1563 ἀλαπαδνὸν,

265 1577 510 1645 διζῆσθαι
533 1578 747 1647 μεμαώς
772 1599 845 1643 τε,
873 1581 1155 1654 μαχήμων,
1182 1579 1433 1649 τολμήεις
1460 1603 1532 1636 τε.

1181 1750 1254 1798 W.
1285 1750 1339 1798 L.
1369 1750 1450 1810 Ν.,
1483 1751 1623 1815 1852.
