<?xml version="1.0" encoding="UTF-8"?>
<!DOCTYPE html PUBLIC "-//W3C//DTD XHTML 1.0 Transitional//EN"
    "http://www.w3.org/TR/xhtml1/DTD/xhtml1-transitional.dtd">
<html xmlns="http://www.w3.org/1999/xhtml" xml:lang="en" lang="en">
 <head>
  <title>
</title>
<meta http-equiv="Content-Type" content="text/html;charset=utf-8" />
  <meta name='ocr-system' content='tesseract 3.04.00' />
  <meta name='ocr-capabilities' content='ocr_page ocr_carea ocr_par ocr_line ocrx_word'/>
</head>
<body>
  <div class='ocr_page' id='page_1' title='image "./flosculicheltoni00jerruoft_0161.png"; bbox 0 0 2028 3230; ppageno 0'>
   <div class='ocr_carea' id='block_1_1' title="bbox 0 0 147 115">
    <p class='ocr_par' dir='ltr' id='par_1_1' title="bbox 0 0 147 115">
     <span class='ocr_line' id='line_1_1' title="bbox 0 0 147 115; baseline 0 3115"><span class='ocrx_word' id='word_1_1' title='bbox 0 0 147 115; x_wconf 95' lang='lat' dir='ltr'> </span> 
     </span>
    </p>
   </div>
   <div class='ocr_carea' id='block_1_2' title="bbox 888 217 977 264">
    <p class='ocr_par' dir='ltr' id='par_1_2' title="bbox 888 217 977 264">
     <span class='ocr_line' id='line_1_2' title="bbox 888 217 977 264; baseline -0.011 0"><span class='ocrx_word' id='word_1_2' title='bbox 888 217 977 264; x_wconf 84' lang='lat'>133</span> 
     </span>
    </p>
   </div>
   <div class='ocr_carea' id='block_1_3' title="bbox 419 765 1458 828">
    <p class='ocr_par' dir='ltr' id='par_1_3' title="bbox 419 765 1458 828">
     <span class='ocr_line' id='line_1_3' title="bbox 419 765 1458 828; baseline -0.003 0"><span class='ocrx_word' id='word_1_3' title='bbox 419 767 711 828; x_wconf 88' lang='lat' dir='ltr'><strong>LATIN</strong></span> <span class='ocrx_word' id='word_1_4' title='bbox 771 765 1458 826; x_wconf 85' lang='lat' dir='ltr'>HEXAMETERS.</span> 
     </span>
    </p>
   </div>
   <div class='ocr_carea' id='block_1_4' title="bbox 360 957 1651 1075">
    <p class='ocr_par' dir='ltr' id='par_1_4' title="bbox 360 957 1651 1075">
     <span class='ocr_line' id='line_1_4' title="bbox 360 957 1528 1011; baseline -0.002 -11"><span class='ocrx_word' id='word_1_5' title='bbox 360 962 389 981; x_wconf 92' lang='lat'><strong>“</strong></span> <span class='ocrx_word' id='word_1_6' title='bbox 402 961 495 1000; x_wconf 90' lang='lat' dir='ltr'>The</span> <span class='ocrx_word' id='word_1_7' title='bbox 515 960 587 1000; x_wconf 87' lang='lat' dir='ltr'>old</span> <span class='ocrx_word' id='word_1_8' title='bbox 606 959 728 1000; x_wconf 90' lang='lat' dir='ltr'>order</span> <span class='ocrx_word' id='word_1_9' title='bbox 743 958 963 1011; x_wconf 86' lang='lat' dir='ltr'>changeth,</span> <span class='ocrx_word' id='word_1_10' title='bbox 984 957 1170 1011; x_wconf 88' lang='lat' dir='ltr'>yielding</span> <span class='ocrx_word' id='word_1_11' title='bbox 1188 957 1308 1011; x_wconf 86' lang='lat' dir='ltr'>place</span> <span class='ocrx_word' id='word_1_12' title='bbox 1329 965 1372 998; x_wconf 84' lang='lat' dir='ltr'>to</span> <span class='ocrx_word' id='word_1_13' title='bbox 1393 958 1528 998; x_wconf 88' lang='lat' dir='ltr'>new.’&#39;</span> 
     </span>
     <span class='ocr_line' id='line_1_5' title="bbox 1378 1034 1651 1075; baseline 0.007 -2"><span class='ocrx_word' id='word_1_14' title='bbox 1378 1034 1651 1075; x_wconf 65' lang='lat' dir='ltr'>TENstox.</span> 
     </span>
    </p>
   </div>
   <div class='ocr_carea' id='block_1_5' title="bbox 230 1190 1658 2871">
    <p class='ocr_par' dir='ltr' id='par_1_5' title="bbox 230 1190 1658 2871">
     <span class='ocr_line' id='line_1_6' title="bbox 230 1190 1464 1254; baseline -0.002 -12"><span class='ocrx_word' id='word_1_15' title='bbox 230 1194 489 1242; x_wconf 73' lang='lat' dir='ltr'>SuccssNffl</span> <span class='ocrx_word' id='word_1_16' title='bbox 515 1208 547 1242; x_wconf 94' lang='lat' dir='ltr'>o</span> <span class='ocrx_word' id='word_1_17' title='bbox 570 1191 734 1241; x_wconf 86' lang='lat' dir='ltr'>rabie!</span> <span class='ocrx_word' id='word_1_18' title='bbox 771 1207 861 1241; x_wconf 93' lang='lat' dir='ltr'>vos</span> <span class='ocrx_word' id='word_1_19' title='bbox 889 1190 974 1254; x_wconf 91' lang='lat' dir='ltr'>qui</span> <span class='ocrx_word' id='word_1_20' title='bbox 998 1193 1090 1241; x_wconf 89' lang='lat' dir='ltr'>sub</span> <span class='ocrx_word' id='word_1_21' title='bbox 1115 1191 1267 1241; x_wconf 87' lang='lat' dir='ltr'>corde</span> <span class='ocrx_word' id='word_1_22' title='bbox 1291 1191 1464 1240; x_wconf 88' lang='lat' dir='ltr'>furoris</span> 
     </span>
     <span class='ocr_line' id='line_1_7' title="bbox 232 1272 1480 1338; baseline 0 -16"><span class='ocrx_word' id='word_1_23' title='bbox 232 1277 488 1338; x_wconf 87' lang='lat' dir='ltr'>Angentes</span> <span class='ocrx_word' id='word_1_24' title='bbox 511 1273 733 1337; x_wconf 89' lang='lat' dir='ltr'><strong>premitis</strong></span> <span class='ocrx_word' id='word_1_25' title='bbox 758 1273 998 1334; x_wconf 80' lang='lat' dir='ltr'>stimu105‚</span> <span class='ocrx_word' id='word_1_26' title='bbox 1025 1272 1260 1336; x_wconf 89' lang='lat' dir='ltr'>vincique</span> <span class='ocrx_word' id='word_1_27' title='bbox 1286 1273 1480 1333; x_wconf 90' lang='lat' dir='ltr'>doletis,</span> 
     </span>
     <span class='ocr_line' id='line_1_8' title="bbox 235 1355 1563 1418; baseline -0.001 -13"><span class='ocrx_word' id='word_1_28' title='bbox 235 1355 465 1406; x_wconf 87' lang='lat' dir='ltr'>Claudite</span> <span class='ocrx_word' id='word_1_29' title='bbox 489 1372 623 1404; x_wconf 91' lang='lat' dir='ltr'>nunc</span> <span class='ocrx_word' id='word_1_30' title='bbox 647 1371 803 1416; x_wconf 89' lang='lat' dir='ltr'>aures,</span> <span class='ocrx_word' id='word_1_31' title='bbox 831 1371 1004 1404; x_wconf 88' lang='lat' dir='ltr'>sensus</span> <span class='ocrx_word' id='word_1_32' title='bbox 1028 1356 1262 1404; x_wconf 85' lang='lat' dir='ltr'>hebetate</span> <span class='ocrx_word' id='word_1_33' title='bbox 1286 1360 1563 1418; x_wconf 82' lang='lat' dir='ltr'>repressos!</span> 
     </span>
     <span class='ocr_line' id='line_1_9' title="bbox 237 1436 1444 1500; baseline -0.002 -13"><span class='ocrx_word' id='word_1_34' title='bbox 237 1439 357 1487; x_wconf 94' lang='lat' dir='ltr'>Non</span> <span class='ocrx_word' id='word_1_35' title='bbox 381 1454 495 1487; x_wconf 89' lang='lat' dir='ltr'>mea</span> <span class='ocrx_word' id='word_1_36' title='bbox 518 1437 651 1486; x_wconf 90' lang='lat' dir='ltr'>enim</span> <span class='ocrx_word' id='word_1_37' title='bbox 674 1438 817 1486; x_wconf 89' lang='lat' dir='ltr'>folles</span> <span class='ocrx_word' id='word_1_38' title='bbox 841 1436 925 1485; x_wconf 86' lang='lat' dir='ltr'>irae</span> <span class='ocrx_word' id='word_1_39' title='bbox 949 1453 1049 1485; x_wconf 83' lang='lat' dir='ltr'>vox</span> <span class='ocrx_word' id='word_1_40' title='bbox 1072 1436 1268 1500; x_wconf 86' lang='lat' dir='ltr'>ignibus</span> <span class='ocrx_word' id='word_1_41' title='bbox 1295 1437 1444 1486; x_wconf 83' lang='lat' dir='ltr'><strong>addit.</strong></span> 
     </span>
     <span class='ocr_line' id='line_1_10' title="bbox 236 1518 1530 1582; baseline -0.001 -13"><span class='ocrx_word' id='word_1_42' title='bbox 236 1522 425 1569; x_wconf 91' lang='lat' dir='ltr'>Verum</span> <span class='ocrx_word' id='word_1_43' title='bbox 449 1518 617 1568; x_wconf 90' lang='lat' dir='ltr'>audite</span> <span class='ocrx_word' id='word_1_44' title='bbox 641 1527 823 1578; x_wconf 89' lang='lat' dir='ltr'>tamen,</span> <span class='ocrx_word' id='word_1_45' title='bbox 853 1518 938 1582; x_wconf 92' lang='lat' dir='ltr'>qui</span> <span class='ocrx_word' id='word_1_46' title='bbox 963 1519 1136 1567; x_wconf 88' lang='lat' dir='ltr'>saltem</span> <span class='ocrx_word' id='word_1_47' title='bbox 1162 1518 1332 1568; x_wconf 89' lang='lat' dir='ltr'>audire</span> <span class='ocrx_word' id='word_1_48' title='bbox 1356 1519 1530 1579; x_wconf 87' lang='lat' dir='ltr'>velitis,</span> 
     </span>
     <span class='ocr_line' id='line_1_11' title="bbox 240 1598 1384 1650; baseline -0.002 0"><span class='ocrx_word' id='word_1_49' title='bbox 240 1602 376 1650; x_wconf 88' lang='lat' dir='ltr'>Dum</span> <span class='ocrx_word' id='word_1_50' title='bbox 400 1601 562 1650; x_wconf 92' lang='lat' dir='ltr'>doceo</span> <span class='ocrx_word' id='word_1_51' title='bbox 587 1599 784 1649; x_wconf 89' lang='lat' dir='ltr'>indiciis</span> <span class='ocrx_word' id='word_1_52' title='bbox 807 1609 862 1648; x_wconf 93' lang='lat' dir='ltr'>ut</span> <span class='ocrx_word' id='word_1_53' title='bbox 886 1598 1204 1648; x_wconf 89' lang='lat' dir='ltr'>ineluctabile</span> <span class='ocrx_word' id='word_1_54' title='bbox 1228 1601 1384 1648; x_wconf 88' lang='lat' dir='ltr'>fatum</span> 
     </span>
     <span class='ocr_line' id='line_1_12' title="bbox 240 1681 1425 1746; baseline -0.003 -12"><span class='ocrx_word' id='word_1_55' title='bbox 240 1683 434 1734; x_wconf 84' lang='lat' dir='ltr'><strong>Cedere</strong></span> <span class='ocrx_word' id='word_1_56' title='bbox 457 1699 547 1732; x_wconf 88' lang='lat' dir='ltr'>vos</span> <span class='ocrx_word' id='word_1_57' title='bbox 572 1681 719 1746; x_wconf 87' lang='lat' dir='ltr'>cogit,</span> <span class='ocrx_word' id='word_1_58' title='bbox 747 1681 891 1730; x_wconf 88' lang='lat' dir='ltr'>simul</span> <span class='ocrx_word' id='word_1_59' title='bbox 916 1681 1215 1744; x_wconf 85' lang='lat' dir='ltr'>indiciisque</span> <span class='ocrx_word' id='word_1_60' title='bbox 1240 1681 1425 1731; x_wconf 88' lang='lat' dir='ltr'>doloris</span> 
     </span>
     <span class='ocr_line' id='line_1_13' title="bbox 239 1763 1455 1829; baseline -0.002 -15"><span class='ocrx_word' id='word_1_61' title='bbox 239 1765 442 1829; x_wconf 90' lang='lat' dir='ltr'>Adjicio</span> <span class='ocrx_word' id='word_1_62' title='bbox 466 1780 684 1829; x_wconf 88' lang='lat' dir='ltr'>praesens</span> <span class='ocrx_word' id='word_1_63' title='bbox 708 1763 1036 1828; x_wconf 79' lang='lat' dir='ltr'>praesentibus</span> <span class='ocrx_word' id='word_1_64' title='bbox 1060 1763 1170 1827; x_wconf 88' lang='lat' dir='ltr'>ipse</span> <span class='ocrx_word' id='word_1_65' title='bbox 1194 1765 1421 1813; x_wconf 89' lang='lat' dir='ltr'>levamen</span> <span class='ocrx_word' id='word_1_66' title='bbox 1440 1783 1455 1825; x_wconf 77' lang='lat'><em>3</em></span> 
     </span>
     <span class='ocr_line' id='line_1_14' title="bbox 242 1844 1385 1896; baseline -0.002 0"><span class='ocrx_word' id='word_1_67' title='bbox 242 1846 292 1896; x_wconf 88' lang='lat' dir='ltr'>Si</span> <span class='ocrx_word' id='word_1_68' title='bbox 316 1847 470 1896; x_wconf 92' lang='lat' dir='ltr'>modo</span> <span class='ocrx_word' id='word_1_69' title='bbox 496 1845 699 1895; x_wconf 81' lang='lat' dir='ltr'>sincerae</span> <span class='ocrx_word' id='word_1_70' title='bbox 723 1862 813 1894; x_wconf 92' lang='lat' dir='ltr'>vos</span> <span class='ocrx_word' id='word_1_71' title='bbox 837 1862 953 1894; x_wconf 89' lang='lat' dir='ltr'>vera</span> <span class='ocrx_word' id='word_1_72' title='bbox 977 1844 1225 1894; x_wconf 83' lang='lat' dir='ltr'>levamina</span> <span class='ocrx_word' id='word_1_73' title='bbox 1248 1845 1385 1894; x_wconf 93' lang='lat' dir='ltr'>vocis</span> 
     </span>
     <span class='ocr_line' id='line_1_15' title="bbox 244 1926 1361 1992; baseline -0.003 -15"><span class='ocrx_word' id='word_1_74' title='bbox 244 1927 501 1992; x_wconf 89' lang='lat' dir='ltr'>Accipitis.</span> <span class='ocrx_word' id='word_1_75' title='bbox 575 1926 814 1978; x_wconf 88' lang='lat' dir='ltr'>Cadimus</span> <span class='ocrx_word' id='word_1_76' title='bbox 838 1935 1026 1976; x_wconf 80' lang='lat' dir='ltr'>naturae</span> <span class='ocrx_word' id='word_1_77' title='bbox 1052 1927 1161 1991; x_wconf 91' lang='lat' dir='ltr'>lege</span> <span class='ocrx_word' id='word_1_78' title='bbox 1185 1927 1361 1988; x_wconf 88' lang='lat' dir='ltr'>coacti,</span> 
     </span>
     <span class='ocr_line' id='line_1_16' title="bbox 246 2008 1563 2073; baseline -0.002 -13"><span class='ocrx_word' id='word_1_79' title='bbox 246 2012 366 2060; x_wconf 93' lang='lat' dir='ltr'>Non</span> <span class='ocrx_word' id='word_1_80' title='bbox 393 2009 529 2059; x_wconf 90' lang='lat' dir='ltr'>Iovis</span> <span class='ocrx_word' id='word_1_81' title='bbox 553 2018 742 2058; x_wconf 88' lang='lat' dir='ltr'>armata</span> <span class='ocrx_word' id='word_1_82' title='bbox 764 2009 826 2070; x_wconf 88' lang='lat' dir='ltr'>vi,</span> <span class='ocrx_word' id='word_1_83' title='bbox 853 2025 957 2058; x_wconf 87' lang='lat' dir='ltr'>non</span> <span class='ocrx_word' id='word_1_84' title='bbox 985 2008 1120 2058; x_wconf 91' lang='lat' dir='ltr'>Iovis</span> <span class='ocrx_word' id='word_1_85' title='bbox 1145 2008 1259 2073; x_wconf 84' lang='lat' dir='ltr'>igne</span> <span class='ocrx_word' id='word_1_86' title='bbox 1285 2009 1563 2058; x_wconf 82' lang='lat' dir='ltr'>caduco.—</span> 
     </span>
     <span class='ocr_line' id='line_1_17' title="bbox 247 2090 1351 2155; baseline -0.002 -14"><span class='ocrx_word' id='word_1_87' title='bbox 247 2091 471 2141; x_wconf 87' lang='lat' dir='ltr'>Maxime</span> <span class='ocrx_word' id='word_1_88' title='bbox 495 2100 549 2140; x_wconf 93' lang='lat' dir='ltr'>tu</span> <span class='ocrx_word' id='word_1_89' title='bbox 573 2107 690 2141; x_wconf 90' lang='lat' dir='ltr'>vero</span> <span class='ocrx_word' id='word_1_90' title='bbox 715 2090 862 2155; x_wconf 86' lang='lat' dir='ltr'>prisci</span> <span class='ocrx_word' id='word_1_91' title='bbox 885 2090 1155 2155; x_wconf 89' lang='lat' dir='ltr'>primordia</span> <span class='ocrx_word' id='word_1_92' title='bbox 1178 2091 1351 2140; x_wconf 90' lang='lat' dir='ltr'>mundi</span> 
     </span>
     <span class='ocr_line' id='line_1_18' title="bbox 248 2171 1437 2232; baseline -0.001 -10"><span class='ocrx_word' id='word_1_93' title='bbox 248 2172 443 2223; x_wconf 87' lang='lat' dir='ltr'>Acriter</span> <span class='ocrx_word' id='word_1_94' title='bbox 466 2172 722 2222; x_wconf 87' lang='lat' dir='ltr'>excutiens</span> <span class='ocrx_word' id='word_1_95' title='bbox 747 2171 931 2232; x_wconf 89' lang='lat' dir='ltr'>animo,</span> <span class='ocrx_word' id='word_1_96' title='bbox 961 2173 1183 2232; x_wconf 83' lang='lat' dir='ltr'>Saturne,</span> <span class='ocrx_word' id='word_1_97' title='bbox 1212 2172 1437 2232; x_wconf 89' lang='lat' dir='ltr'>revolvis,</span> 
     </span>
     <span class='ocr_line' id='line_1_19' title="bbox 254 2253 1576 2318; baseline -0.001 -14"><span class='ocrx_word' id='word_1_98' title='bbox 254 2257 318 2304; x_wconf 89' lang='lat' dir='ltr'>At</span> <span class='ocrx_word' id='word_1_99' title='bbox 341 2255 516 2303; x_wconf 87' lang='lat' dir='ltr'>frustra</span> <span class='ocrx_word' id='word_1_100' title='bbox 540 2253 623 2303; x_wconf 92' lang='lat' dir='ltr'>ille</span> <span class='ocrx_word' id='word_1_101' title='bbox 647 2255 800 2303; x_wconf 89' lang='lat' dir='ltr'>labor.</span> <span class='ocrx_word' id='word_1_102' title='bbox 874 2256 950 2303; x_wconf 92' lang='lat' dir='ltr'>Te</span> <span class='ocrx_word' id='word_1_103' title='bbox 976 2256 1167 2318; x_wconf 84' lang='lat' dir='ltr'>Regem</span> <span class='ocrx_word' id='word_1_104' title='bbox 1195 2254 1428 2318; x_wconf 88' lang='lat' dir='ltr'>intelligis</span> <span class='ocrx_word' id='word_1_105' title='bbox 1455 2271 1576 2313; x_wconf 82' lang='lat' dir='ltr'>esse,</span> 
     </span>
     <span class='ocr_line' id='line_1_20' title="bbox 254 2335 1470 2400; baseline -0.001 -15"><span class='ocrx_word' id='word_1_106' title='bbox 254 2335 456 2400; x_wconf 88' lang='lat' dir='ltr'>Imperii</span> <span class='ocrx_word' id='word_1_107' title='bbox 481 2345 530 2385; x_wconf 92' lang='lat' dir='ltr'>et</span> <span class='ocrx_word' id='word_1_108' title='bbox 555 2336 791 2399; x_wconf 90' lang='lat' dir='ltr'>splendor</span> <span class='ocrx_word' id='word_1_109' title='bbox 815 2335 884 2384; x_wconf 90' lang='lat' dir='ltr'>sic</span> <span class='ocrx_word' id='word_1_110' title='bbox 911 2335 1065 2400; x_wconf 89' lang='lat' dir='ltr'>Regis</span> <span class='ocrx_word' id='word_1_111' title='bbox 1090 2336 1277 2384; x_wconf 90' lang='lat' dir='ltr'>lumina</span> <span class='ocrx_word' id='word_1_112' title='bbox 1301 2345 1470 2396; x_wconf 87' lang='lat' dir='ltr'>caecat,</span> 
     </span>
     <span class='ocr_line' id='line_1_21' title="bbox 254 2416 1259 2477; baseline -0.002 -9"><span class='ocrx_word' id='word_1_113' title='bbox 254 2419 328 2468; x_wconf 93' lang='lat' dir='ltr'>Ut</span> <span class='ocrx_word' id='word_1_114' title='bbox 350 2416 432 2466; x_wconf 86' lang='lat' dir='ltr'>via</span> <span class='ocrx_word' id='word_1_115' title='bbox 455 2426 646 2467; x_wconf 89' lang='lat' dir='ltr'>secreto</span> <span class='ocrx_word' id='word_1_116' title='bbox 671 2426 721 2466; x_wconf 89' lang='lat' dir='ltr'>te</span> <span class='ocrx_word' id='word_1_117' title='bbox 746 2419 873 2466; x_wconf 90' lang='lat' dir='ltr'>calle</span> <span class='ocrx_word' id='word_1_118' title='bbox 898 2417 1122 2467; x_wconf 87' lang='lat' dir='ltr'>fefellerit</span> <span class='ocrx_word' id='word_1_119' title='bbox 1146 2434 1259 2477; x_wconf 90' lang='lat' dir='ltr'>una,</span> 
     </span>
     <span class='ocr_line' id='line_1_22' title="bbox 257 2498 1495 2562; baseline 0 -15"><span class='ocrx_word' id='word_1_120' title='bbox 257 2499 384 2560; x_wconf 88' lang='lat' dir='ltr'>Quae</span> <span class='ocrx_word' id='word_1_121' title='bbox 410 2515 523 2547; x_wconf 89' lang='lat' dir='ltr'>mea</span> <span class='ocrx_word' id='word_1_122' title='bbox 545 2499 610 2547; x_wconf 87' lang='lat' dir='ltr'>ad</span> <span class='ocrx_word' id='word_1_123' title='bbox 635 2508 875 2548; x_wconf 88' lang='lat' dir='ltr'>aeternum</span> <span class='ocrx_word' id='word_1_124' title='bbox 902 2498 1042 2547; x_wconf 86' lang='lat' dir='ltr'>duxit</span> <span class='ocrx_word' id='word_1_125' title='bbox 1065 2498 1273 2562; x_wconf 88' lang='lat' dir='ltr'>vestigia</span> <span class='ocrx_word' id='word_1_126' title='bbox 1297 2501 1495 2547; x_wconf 89' lang='lat' dir='ltr'>Verum.</span> 
     </span>
     <span class='ocr_line' id='line_1_23' title="bbox 326 2578 1645 2643; baseline -0.001 -16"><span class='ocrx_word' id='word_1_127' title='bbox 326 2578 546 2627; x_wconf 88' lang='lat' dir='ltr'>Primum</span> <span class='ocrx_word' id='word_1_128' title='bbox 570 2579 728 2643; x_wconf 91' lang='lat' dir='ltr'>igitur,</span> <span class='ocrx_word' id='word_1_129' title='bbox 756 2579 942 2643; x_wconf 89' lang='lat' dir='ltr'>primus</span> <span class='ocrx_word' id='word_1_130' title='bbox 970 2580 1054 2643; x_wconf 89' lang='lat' dir='ltr'>qui</span> <span class='ocrx_word' id='word_1_131' title='bbox 1080 2597 1183 2629; x_wconf 92' lang='lat' dir='ltr'>non</span> <span class='ocrx_word' id='word_1_132' title='bbox 1210 2583 1349 2629; x_wconf 89' lang='lat' dir='ltr'>Deus</span> <span class='ocrx_word' id='word_1_133' title='bbox 1374 2590 1490 2629; x_wconf 85' lang='lat' dir='ltr'>ante</span> <span class='ocrx_word' id='word_1_134' title='bbox 1516 2579 1645 2628; x_wconf 86' lang='lat' dir='ltr'>fuisti</span> 
     </span>
     <span class='ocr_line' id='line_1_24' title="bbox 259 2659 1658 2711; baseline 0.002 -3"><span class='ocrx_word' id='word_1_135' title='bbox 259 2662 408 2709; x_wconf 91' lang='lat' dir='ltr'>Nunc</span> <span class='ocrx_word' id='word_1_136' title='bbox 433 2659 724 2709; x_wconf 85' lang='lat' dir='ltr'>etiarn—sic</span> <span class='ocrx_word' id='word_1_137' title='bbox 750 2663 872 2710; x_wconf 91' lang='lat' dir='ltr'>Fata</span> <span class='ocrx_word' id='word_1_138' title='bbox 895 2663 1229 2711; x_wconf 88' lang='lat' dir='ltr'>ferunt—non</span> <span class='ocrx_word' id='word_1_139' title='bbox 1255 2661 1456 2710; x_wconf 87' lang='lat' dir='ltr'>ultimus</span> <span class='ocrx_word' id='word_1_140' title='bbox 1483 2671 1658 2711; x_wconf 73' lang='lat' dir='ltr'>exstas,</span> 
     </span>
     <span class='ocr_line' id='line_1_25' title="bbox 259 2739 1203 2805; baseline 0.001 -15"><span class='ocrx_word' id='word_1_141' title='bbox 259 2743 339 2790; x_wconf 93' lang='lat' dir='ltr'>Tu</span> <span class='ocrx_word' id='word_1_142' title='bbox 364 2757 527 2804; x_wconf 90' lang='lat' dir='ltr'>neque</span> <span class='ocrx_word' id='word_1_143' title='bbox 551 2739 862 2804; x_wconf 86' lang='lat' dir='ltr'>principium,</span> <span class='ocrx_word' id='word_1_144' title='bbox 890 2759 1054 2805; x_wconf 89' lang='lat' dir='ltr'>neque</span> <span class='ocrx_word' id='word_1_145' title='bbox 1079 2742 1203 2791; x_wconf 88' lang='lat' dir='ltr'>finis.</span> 
     </span>
     <span class='ocr_line' id='line_1_26' title="bbox 921 2838 1020 2871; baseline -0.01 0"><span class='ocrx_word' id='word_1_146' title='bbox 921 2838 956 2871; x_wconf 81' lang='lat' dir='ltr'>K</span> <span class='ocrx_word' id='word_1_147' title='bbox 996 2840 1020 2870; x_wconf 88' lang='lat'>2</span> 
     </span>
    </p>
   </div>
  </div>
 </body>
</html>
