2028 3230
640 248 821 284 GREEK
858 250 1083 285 IAMBICS.
1548 253 1575 303 5

223 370 288 423 B.
325 366 486 422 Ἀλλ’
513 367 548 436 ἢ
574 372 764 440 σοφοῖς
787 367 984 438 μέμηνὲ
1007 392 1099 438 μοι
1123 371 1338 438 λόγοισι
1365 372 1516 445 φρὴν,

148 450 184 519 ἢ
210 456 302 508 νῦν
325 451 646 520 τεθηγμένον
668 451 723 520 μ’
749 453 1098 520 ἀπαμβλύνει
1125 454 1301 526 φύσις.

224 619 296 672 Π.
336 617 449 672 Καὶ
497 619 630 690 πρός
678 641 740 688 «γε
790 617 994 676 τούτοις
1055 622 1166 673 πᾶν
1213 621 1274 674 τὸ
1330 620 1582 691 πατρίδος

295 701 444 769 «γένος

151 782 288 851 αὐτή
313 805 371 837 τε
395 783 589 854 πατρὶς
612 784 843 855 λοιδορεῖ
866 806 947 850 σε,
973 783 1203 853 τοῦνομα

153 867 550 933 ὑποπτεύουσα,
578 868 666 921 καὶ
692 871 752 922 τὸ
779 867 1039 933 κίβδηλον
1062 867 1224 935 γένος.

153 946 291 1002 οἶσθ’
317 949 408 1003 οὖν
433 949 461 1003 ὃ
486 954 654 1008 ποιεῖς
671 973 695 1013 ;
735 953 809 1023 τῷ
832 951 1089 1018 βοήθειαν
1114 952 1287 1023 φέρεις
1306 977 1323 1016 ,·

154 1033 250 1086 οὐκ
273 1033 481 1105 ἀρχικῷ
506 1055 564 1087 τε
589 1033 679 1087 καὶ
704 1036 994 1106 τυραννικῷ
1018 1034 1155 1102 «γένει

154 1115 364 1186 κέρδους
388 1138 446 1169 τε
471 1121 843 1190 συμμαχοῦντι
869 1117 957 1170 σοὶ
982 1116 1145 1186 μόνου
1168 1117 1330 1191 χάριν
1350 1143 1367 1182 ,-

153 1198 283 1253 ὅταν
308 1198 351 1250 δ’
378 1198 460 1253 ἐπ’
488 1199 673 1258 ἀκταῖς
698 1199 860 1267 τῆσδε
887 1200 1364 1272 δυστήνου“χθονὸς

155 1281 452 1346 Τάλβωτος
477 1283 532 1336 ἐν
556 1287 802 1336 κλυτοῖσι
827 1283 1075 1357 τεύχεσιν
1099 1285 1296 1355 πρέπῃ,

156 1366 478 1435 πανουργίας
504 1365 562 1419 τέ
587 1367 639 1418 σ’
666 1366 892 1436 ἐρὙάτην
917 1369 1139 1425 πλάσας
1165 1370 1282 1441 ἔχῃ,

157 1447 346 1502 οὔκουν
371 1448 535 1502 ἔπειθ’
561 1449 812 1520 ’Ένρικος
838 1450 1078 1518 εἰσάπαξ
1098 1449 1256 1518 μόνος

156 1530 306 1597 ἡμῶν
330 1531 511 1599 ἀνάξει
535 1556 551 1595 ,-
592 1532 687 1586 καί
707 1531 759 1584 σ’
786 1533 1053 1602 ἀτιμάζων
1077 1532 1222 1585 πολὺ

156 1613 270 1686 χὼς
295 1612 357 1679 δὴ
384 1614 640 1668 κάκιστον
665 1615 930 1686 δραπέτην
955 1615 1311 1685 ἀνδρηλατῶν.

160 1699 446 1765 σκοπῶμεν
471 1696 542 1757 εὖ,
570 1697 659 1749 καὶ
685 1701 840 1750 τοῦτο
864 1699 1168 1766 μεμνῆσθαι
1195 1699 1259 1752 σὲ
1282 1699 1405 1772 χρὴ,

159 1779 229 1837 ὡς
254 1779 310 1833 ἔν
333 1801 395 1847 *γε
420 1778 580 1847 δῆλον
606 1779 678 1833 ὧν
702 1781 843 1844 λέὙω
869 1782 1165 1852 τεκμήριον,

159 1862 254 1915 οὒκ
279 1863 468 1934 ἐχθρὸς
491 1863 555 1929 ἦν
581 1886 670 1917 σοι
695 1886 854 1931 ταὙος
880 1865 976 1932 ὁύξ
998 1865 1270 1936 Αὐρηλίας
1289 1889 1306 1928 ;

160 1945 256 1999 οὐκ
279 1945 627 2018 αἰχμάλωτος
650 1945 715 2014 ἦν
739 1949 859 2000 ποτ’
886 1948 940 2002 ἐν
967 1948 1262 2021 Βρεταννία
1283 1972 1299 2011 ;

158 2028 370 2098 «γνόντες
396 2027 438 2083 δ’
466 2029 546 2098 ἄρ’
574 2031 703 2084 ὄντα
728 2031 820 2083 τὸν
846 2031 943 2084 σὸν
969 2030 1176 2103 ἐχθρὸν,
1206 2032 1398 2085 αὐτίκα

161 2113 375 2183 ἀφῆκαν
399 2112 572 2174 αὐτὸν,
601 2115 695 2168 οὐκ
720 2113 894 2168 ἄποιν’
921 2113 1232 2182 αἰτούμενοι,

162 2197 374 2250 αὐτοῖσι
399 2199 507 2253 τοῖς
533 2196 753 2267 φίλοισι
778 2202 872 2251 τοῦ
897 2197 1252 2265 ΒουρὙονδιὀυ

163 2283 628 2352 καταφρονοῦντες·
667 2284 947 2351 τοισγαροῦν
972 2279 1165 2333 σκόπει
1191 2280 1317 2334 τάδε

164 2362 234 2420 ὡς
257 2362 390 2433 πρὸς
415 2363 644 2421 πολίτας
669 2363 758 2417 καὶ
784 2365 981 2434 φίλους
1007 2363 1334 2417 ἀνθίστασαι

164 2445 255 2498 καὶ
279 2451 580 2518 συμμαχεῖς
605 2446 674 2500 αὖ
698 2450 807 2503 τοῖς
833 2448 1189 2500 ἀποκτενοῦσι
1215 2447 1292 2499 σε’.

164 2527 290 2582 ἀλλ’
317 2529 409 2583 οὖν
433 2528 674 2594 κατέλθε,
701 2529 970 2597 λίσσομαί
991 2528 1060 2594 σ’,
1089 2529 1244 2597 ὦναξ,
1273 2530 1444 2583 πάλιν

163 2611 364 2666 τούτων
387 2612 654 2681 κορεσθεὶς
680 2616 785 2666 τῶν
810 2614 947 2682 ἄνγαν
972 2613 1351 2680 πλανημάτων,

165 2693 435 2752 Βασιλεὺς
459 2693 563 2765 *γὰρ
589 2697 758 2759 αὐτὸς,
787 2697 876 2749 καὶ
902 2695 962 2750 τὸ
988 2698 1099 2748 πᾶν
1123 2695 1334 2762 πλῆθος
1361 2698 1596 2766 στρατοῦ

163 2776 383 2848 μένουσι
407 2780 498 2832 νῦν
523 2800 587 2832 σε
611 2779 914 2847 λαμβάνειν
939 2781 994 2833 ἐν
1017 2778 1294 2846 ἀγκάλαις.

838 2880 867 2913 Β
907 2881 933 2912 2
