2028 3230
918 245 1008 295 205
1051 266 1054 271 -

445 867 735 927 LATIN
795 864 1476 925 HEXAMETERS.

540 1063 568 1082 “
582 1062 618 1101 E
639 1061 741 1101 caelo
761 1061 972 1101 descendit
999 1061 1141 1109 6’γνῶθι
1163 1057 1362 1098 σεαυτόν]
1376 1057 1397 1075 ”

256 1233 655 1280 CONTEMPLARE
679 1228 824 1293 igitur
847 1245 922 1277 res
949 1238 997 1277 et
1021 1244 1269 1291 cognosce
1294 1226 1428 1276 fideli

256 1311 440 1361 Omnia
462 1311 533 1360 uti
557 1320 736 1360 coeant
760 1327 934 1359 norma
958 1326 1147 1359 sursum
1171 1319 1320 1372 atque
1346 1310 1590 1358 deorsum.

255 1392 440 1443 Tendit
464 1393 529 1441 ad
552 1393 686 1441 hunc
711 1408 904 1455 semper
927 1401 1115 1452 natura,
1137 1407 1214 1451 en,
1242 1391 1436 1440 daedala
1459 1391 1679 1438 finem—

257 1476 442 1523 Nonne
462 1474 641 1523 atomis
657 1483 851 1523 atomos
869 1473 1007 1536 quasi
1023 1472 1253 1522 bracchia
1268 1473 1470 1522 tendere
1487 1470 1682 1520 cernis?

255 1556 485 1606 Adtrahit
508 1555 780 1605 adtrahitur
803 1555 983 1618 pariter
1006 1555 1124 1604 dum
1151 1554 1376 1617 proxima
1401 1570 1626 1616 quaeque,

257 1641 418 1701 Inque
442 1637 601 1686 vicem
627 1653 734 1686 sese
760 1635 897 1685 socio
922 1637 1268 1699 amplexuntur
1291 1651 1470 1684 amore.

258 1718 586 1769 Materiemne
610 1718 749 1767 vides
774 1717 999 1767 vestitam
1025 1716 1158 1766 mille
1183 1717 1360 1780 figuris,

260 1802 342 1850 Ad
383 1817 632 1850 conrnune
678 1801 869 1848 bonum
912 1798 1055 1847 simul
1098 1808 1146 1847 et
1188 1798 1328 1862 quasi
1369 1798 1572 1847 tendere
1615 1798 1679 1845 ad

390 1898 543 1931 unum
562 1884 584 1930 ?

261 1965 393 2012 Ecce
417 1964 587 2012 fovent
611 1963 779 2012 herbae
804 1961 1071 2011 morientes
1098 1961 1287 2010 semina
1311 1961 1438 2020 vitae,

260 2044 479 2109 Conligit
504 2054 553 2094 et
577 2043 703 2093 vires
726 2053 901 2092 natura
926 2045 1071 2092 effeta
1091 2045 1313 2106 jacentes
1337 2063 1346 2092 :

261 2127 386 2188 Quae
410 2135 618 2190 pereunt
642 2125 808 2175 formis
833 2124 939 2173 aliis
966 2126 1087 2173 dant
1111 2124 1342 2188 augmina
1367 2125 1551 2184 formae,

262 2206 543 2271 (Carpimus
567 2207 806 2256 aethereas
831 2223 973 2255 auras
998 2205 1330 2269 morimurque
1355 2204 1606 2269 vicissim,)

263 2289 368 2336 Ceu
392 2288 540 2337 bullae
564 2296 832 2336 nascuntur
855 2286 906 2334 in
931 2303 1129 2350 aequore
1153 2286 1388 2347 materiei,

262 2370 486 2431 Surgunt,
515 2377 822 2432 rumpuntur,
850 2369 1059 2417 redeunt
1085 2377 1134 2417 et
1158 2385 1319 2416 rursus
1344 2368 1394 2416 in
1420 2369 1591 2416 undas.

265 2451 535 2498 Externum
558 2450 680 2498 nihil
706 2459 780 2498 est
805 2449 1072 2512 multisque
1097 2466 1158 2498 ex
1181 2450 1401 2512 partibus
1427 2466 1575 2498 omne
1596 2467 1607 2507 ;

262 2530 468 2594 Spiritus
492 2530 622 2581 intus
647 2548 798 2595 agens
822 2540 979 2580 totam
1004 2531 1125 2594 regit
1149 2531 1369 2594 undique
1395 2532 1592 2588 molem,

264 2611 448 2661 Omnia
472 2611 556 2674 qui
581 2621 754 2672 servat,
782 2612 867 2675 qui
891 2612 1107 2676 conligat
1132 2611 1300 2660 infima
1325 2611 1527 2660 summis
1548 2629 1560 2670 5

265 2695 479 2741 Necnon
503 2694 734 2742 mortales
760 2693 917 2743 saeclis
939 2695 1146 2756 junxere
1171 2695 1394 2752 ferarum,

265 2770 477 2819 Foedera
502 2770 737 2819 conmuni
762 2770 963 2820 socialia
988 2771 1218 2834 conpede
1243 2770 1437 2818 vinctos
1456 2788 1468 2829 3
