2028 3230
829 174 952 223 351*
993 211 995 215 Α

504 570 795 630 LATIN
850 570 1330 637 ELEGIACS.

399 763 528 804 Οὐδὲν
547 763 702 803 ποττὸν
721 762 850 814 ἔρωτα
867 762 1039 814 πεφύκει
1054 760 1272 822 ’φάρμακον
1291 764 1399 804 ἄλλο
1436 802 1441 807 ,

397 830 422 877 ἢ
442 829 508 869 καὶ
529 828 1104 881 Πιερίδες.-ΤΗΕΟΟΚΙΤΗ3.

208 995 415 1043 PUNICA
435 996 539 1057 jam
563 994 737 1042 florum
762 993 966 1059 species,
990 996 1194 1057 jamque
1219 995 1332 1043 alba
1358 994 1580 1057 quiescit,

275 1078 465 1138 Perque
490 1075 834 1139 cupressiferas
859 1062 1075 1124 conticet
1099 1076 1229 1123 Aula
1253 1075 1368 1124 vias.

209 1239 368 1286 Pinna
391 1255 485 1287 nec
509 1237 752 1287 auricolor
776 1238 988 1301 trepidat
1013 1254 1101 1301 per
1125 1254 1368 1287 marmora
1392 1238 1540 1287 fontis
1561 1257 1573 1298 3

276 1321 498 1367 Flamma
521 1319 636 1382 vigil
661 1335 845 1368 muscae
870 1336 962 1368 nos
986 1319 1186 1382 vigilare
1206 1321 1363 1381 jubet.

207 1485 320 1546 Jam
345 1482 449 1531 fluit
474 1482 538 1532 ad
563 1491 740 1531 terram
765 1481 972 1544 pavonis
998 1482 1197 1544 candor,
1227 1491 1279 1529 ut
1305 1482 1490 1540 umbra,
1527 1470 1529 1473 ¹

277 1566 464 1627 Meque
489 1581 576 1627 per
599 1563 839 1612 incertum
865 1564 1046 1622 lumen,
1075 1572 1129 1611 ut
1153 1565 1340 1622 umbra,
1370 1562 1511 1611 subit.

211 1727 448 1776 Panditur
470 1727 535 1775 ad
561 1727 740 1786 stellas,
771 1728 946 1774 Danae
971 1726 1105 1774 velut
1129 1726 1294 1784 altera,
1323 1726 1481 1784 tellus,

277 1809 342 1857 Et
365 1818 450 1856 tua
469 1809 573 1870 jam
598 1808 744 1857 nobis
770 1808 922 1855 corda
946 1808 1136 1855 reclusa
1157 1808 1339 1868 jacent.

210 1972 381 2034 thue
406 1971 529 2020 nitet
554 1970 703 2020 tacite
728 1971 869 2033 lapso
895 1970 958 2018 de
983 1971 1170 2032 fulgure
1197 1970 1376 2027 sulcus,

276 2053 354 2102 Sic
380 2069 492 2102 mea
519 2054 750 2101 conlucet
775 2069 916 2101 mens
941 2051 1130 2100 radiata
1155 2060 1248 2099 tua.

211 2218 358 2265 Nunc
385 2226 433 2266 et
458 2217 727 2266 odoriferas
753 2218 1060 2266 concludunt
1086 2216 1188 2264 lilia
1211 2216 1425 2276 frondeS,

281 2300 440 2360 Inque
466 2299 602 2347 lacus
627 2308 807 2362 repunt
831 2298 1053 2362 undique
1078 2300 1218 2361 lapsa
1243 2297 1403 2346 sinum
1424 2315 1437 2357 3

216 2379 370 2449 Haud
394 2378 533 2428 aliter
556 2380 738 2439 venias,
766 2381 951 2428 clarum
976 2381 1136 2428 velata
1161 2379 1408 2436 decorem,

284 2461 547 2522 Mersaque
572 2478 686 2509 cum
711 2472 880 2511 nostro
906 2461 1194 2511 consociare
1220 2460 1328 2508 sinu
1350 2463 1357 2506 !

214 2627 331 2673 Huc
357 2625 489 2684 ades,
520 2626 565 2674 O
591 2625 740 2689 virgo,
767 2626 949 2675 montis
971 2627 1090 2689 juga
1114 2626 1246 2674 celsa
1271 2622 1570 2684 relinquens,

286 2708 419 2755 Num
446 2723 543 2768 qua
567 2708 872 2770 voluptatem
898 2709 1019 2756 dant
1041 2709 1198 2770 juga?
1236 2714 1403 2768 pastor
1426 2703 1503 2751 ait.
