2028 3230
405 755 728 818 GREEK
785 752 1466 813 HEXAMETERS.

428 953 457 971 ‘⁶
471 951 550 999 Go,
575 949 650 990 tell
669 949 739 989 the
761 948 895 997 Dead,
922 948 942 986 I
964 945 1236 986 come.''—A.
1267 947 1437 987 SMITH.

222 1113 371 1165 ΤΟΤ
398 1111 453 1164 δὲ
477 1110 678 1168 κιόντος
703 1109 840 1178 ἄναξ
864 1108 1002 1183 ἔχετ’
1024 1109 1262 1177 ἄσθματι
1289 1110 1516 1177 νωλεμὲς
1542 1110 1645 1164 αἰεὶ

223 1194 372 1266 δεινῷ
396 1193 440 1248 τ’
467 1194 715 1266 ἀρ’γαλέῳ
740 1191 786 1246 τ’
814 1192 1111 1265 ἀσπαίρων,
1139 1191 1290 1263 ἀνδρὶ
1316 1191 1495 1250 ἐοικὼς

224 1277 312 1352 ᾧτ’
341 1277 556 1331 εἴδωλον
582 1276 792 1346 ἐναργὲς
819 1276 1086 1330 ἐπέσσυτο
1113 1275 1295 1333 νυκτὸς
1320 1277 1542 1347 ἀμολνγῲ

226 1363 454 1432 εὐνῇφιν,
482 1359 620 1414 κατὰ
646 1358 771 1428 δῶμ’
798 1360 885 1412 ὅτε
909 1360 1090 1413 πάντα
1115 1357 1242 1424 μάλ’
1270 1358 1414 1413 εἴατο
1443 1363 1586 1430 σιγῇ.

227 1443 295 1502 ὥς
320 1443 372 1496 οἱ
393 1442 712 1506 ἀλαστήσας
737 1443 922 1512 κρείων
947 1442 1225 1515 στενάχων
1250 1441 1293 1495 τ’
1323 1442 1416 1495 ὀπὶ
1440 1447 1611 1515 λυνγρῇ

227 1527 360 1599 ἄγχι
386 1526 539 1598 σχὼν
563 1525 805 1595 κεφαλὴν
831 1526 998 1593 μῦθον
1022 1523 1300 1597 προσέειπ’
1327 1525 1634 1596 ὀλοφυδνὸν·

231 1621 259 1641 “
278 1608 460 1679 εΡι’μφ’
488 1610 667 1671 ἐλάαν,
694 1608 847 1677 μάλα
870 1609 1057 1680 ῥίμφα·
1085 1607 1149 1661 σὲ
1183 1607 1225 1660 δ’
1253 1608 1314 1661 οὐ
1345 1608 1650 1678 φθήσεσθαι

373 1692 464 1746 ὀΐω

231 1775 359 1848 πρίν
399 1774 450 1844 *γ’
494 1775 581 1828 ὅτε
621 1774 683 1841 δὴ
726 1773 957 1828 θανάτου
992 1797 1058 1840 με
1094 1774 1264 1842 μέλαν
1301 1774 1454 1845 νέφος
1490 1776 1649 1848 ἀμφι-

375 1857 656 1929 καλύψῃ.”

234 1940 401 2013 αὐτὰρ
428 1940 455 1993 ὁ
481 1940 713 2014 κραιπνὰ
736 1941 918 2007 βεβὼς
946 1939 1077 2010 ὑπὲρ
1103 1939 1288 2013 ἄκριας
1315 1940 1640 2009 ἠνεμοέσσας

236 2024 498 2078 πάντοθεν
546 2023 827 2098 ἀμφιχύθη
890 2023 1020 2094 περί
1062 2022 1106 2076 τ’
1158 2023 1303 2095 ἀμφί
1347 2023 1392 2077 τ’
1443 2026 1655 2094 ἀϋτμένι

379 2109 586 2179 πολλῷ,

239 2190 328 2245 καὶ
353 2189 408 2243 δὲ
433 2189 559 2244 κιὼν
583 2189 660 2257 ὅγ’
689 2188 882 2243 ἐεισάτ’
905 2188 981 2243 ἐνὶ
1005 2193 1250 2261 ψυχραῖς
1277 2190 1641 2245 σπιλάδεσσιν

239 2273 426 2342 μείζων
451 2273 540 2326 καὶ
566 2272 798 2326 πάσσων
822 2272 882 2339 ἠὲ
907 2271 1101 2342 βροτὸς
1127 2272 1493 2341 εἰσοράασθαι.

242 2355 324 2410 ἄϊε
347 2355 444 2424 μὲν
469 2355 642 2410 ὀπίσω
665 2354 968 2428 πολυηχέος
993 2355 1346 2427 Ἀμφιτρίτης

244 2437 494 2511 φθόγγον,
522 2438 781 2505 θεσπεσίη
808 2437 850 2490 δ’
879 2437 1040 2504 ἐνοπὴ
1066 2437 1254 2510 πρόσω
1279 2438 1600 2509 ἀμφιδεδήει·

244 2519 371 2577 ἀλλ’
398 2520 423 2574 ἓ
448 2521 616 2589 νόημα
640 2520 846 2574 δίεσθαι
871 2520 1083 2589 ἄνωνγεν,
1111 2521 1306 2593 κέντρῳ
1332 2520 1522 2589 ὁμοῖον.

246 2605 439 2678 τεύχεα
463 2602 504 2656 δ’
533 2605 587 2656 ἐν
613 2603 820 2656 σπέσσι
844 2607 1139 2676 ’γλαφυροῖς
1166 2604 1298 2674 ἀμφ’
1325 2604 1452 2657 αῧον
1477 2603 1621 2658 ἀΰτει

249 2687 324 2746 οἷς
368 2687 619 2757 τέτροφεν
662 2685 1014 2758 κρύσταλλος,
1069 2686 1131 2741 ἰδ’
1177 2687 1386 2758 ἄντροις
1436 2687 1490 2740 ἐν
1541 2709 1662 2757 κρα-

396 2790 614 2823 ναοισιν·
