2028 3230
695 198 861 234 LATm
899 199 1159 236 ELEGIACS.
1553 203 1649 252 353

222 320 358 368 Num
382 319 472 368 tibi
496 328 612 369 sunt
635 319 773 370 cordi
799 322 1121 384 splendentes
1146 321 1322 385 frigore
1347 323 1535 371 colles?

290 401 481 451 Desine
506 402 732 451 caelestes
755 403 1104 452 concelebrare
1129 404 1312 467 plagas.

224 483 369 532 Neve
387 483 538 545 jubar
559 483 712 532 veluti
736 482 910 546 pinum
933 493 1050 547 pete
1074 485 1214 547 lapsa
1238 485 1493 544 caducam,

290 565 404 612 Neu
429 565 631 614 stellans
653 563 810 613 nitida
833 565 1017 614 montis
1041 565 1092 613 in
1117 582 1229 615 arce
1255 567 1387 616 sede.

224 647 344 694 Huc
368 646 490 695 ades
514 646 580 694 ad
603 647 798 707 vallem,
826 647 1026 709 Lalage,
1053 663 1156 696 non
1181 648 1315 696 celsa
1334 650 1581 712 jugorum,

290 726 489 775 Limina
512 727 602 776 sed
625 727 768 777 vallis
791 729 906 778 laeta
930 730 1210 792 frequentat
1234 732 1404 779 Amor.

222 807 440 857 Plurima
461 808 718 872 purpureis
744 809 927 874 spargit
950 810 1203 859 vindemia
1226 811 1389 872 labris,

291 890 552 954 Copiaque
576 890 628 939 in
651 891 806 940 flavos
830 893 964 940 hunc
987 892 1252 941 comitatur
1274 909 1418 956 agros
1439 911 1453 954 3

224 971 494 1035 Pampinus
517 980 602 1022 aut
618 973 818 1036 vulpem
843 973 1015 1022 condit
1032 991 1048 1034 3
1071 990 1234 1037 neque
1254 991 1441 1024 cornua
1465 975 1651 1023 montis

292 1055 449 1102 Mane
473 1070 608 1103 novo
632 1070 802 1103 secum
828 1056 971 1104 Mors
995 1071 1141 1118 super
1164 1057 1280 1105 alba
1302 1056 1445 1119 rapit,

225 1137 337 1185 Nec
359 1135 506 1184 datur
526 1136 749 1184 anfractu
774 1137 962 1184 vafrum
988 1137 1221 1200 laqueare
1245 1137 1412 1197 nivali,

293 1217 402 1266 Nec
425 1217 548 1266 freta
570 1216 739 1266 venari
762 1233 853 1280 per
873 1218 1086 1281 glaciata
1108 1235 1302 1281 vagum,

225 1299 340 1360 Qua
361 1298 583 1348 conferta
605 1307 812 1358 tument,
839 1299 1039 1347 sulcatis
1063 1300 1282 1363 pendula
1304 1299 1456 1359 clivis,

292 1379 469 1441 Quave
493 1380 759 1428 tenebroso
783 1380 967 1428 flumen
991 1382 1055 1429 ab
1082 1396 1166 1428 ore
1190 1390 1409 1430 vomunt.

226 1461 267 1521 1,
294 1459 396 1509 cito
420 1460 650 1510 torrentis
673 1477 897 1525 praeceps
921 1471 970 1510 te
994 1470 1223 1524 torqueat
1247 1471 1411 1522 aestuS‚

293 1542 520 1593 Vallibus
543 1542 766 1593 invenies
791 1543 1045 1592 delituisse
1071 1544 1234 1592 deum.

225 1626 300 1673 Te
325 1622 432 1673 sine
456 1625 698 1674 clamores
720 1624 933 1674 volucris
955 1624 1097 1687 Jovis
1121 1626 1270 1674 effera
1292 1626 1482 1685 fundat,

292 1705 409 1754 Sola
430 1706 592 1755 ferens
614 1722 834 1754 macrum
858 1722 946 1769 per
964 1707 1084 1770 juga
1108 1707 1214 1754 sola
1237 1716 1398 1769 caput.

225 1789 300 1836 Te
323 1787 430 1836 sine
454 1786 660 1836 declivis
683 1797 878 1851 spargat
902 1788 1056 1836 latera
1079 1787 1276 1836 horrida
1300 1790 1484 1838 montis

294 1868 437 1919 Mille
460 1869 745 1933 vaporiferis
769 1869 972 1933 pensilis
996 1869 1154 1919 imber
1176 1870 1334 1933 aquis,

225 1953 420 2001 Tabeat
444 1960 508 2011 et,
534 1952 708 2000 tabent
732 1952 866 2000 velut
890 1950 1035 2000 inrita
1059 1960 1188 2011 vota,
1216 1968 1306 2014 per
1328 1968 1469 2000 auras
1491 1971 1504 2012 3

295 2034 415 2082 Hoc
438 2049 559 2081 cave
584 2041 636 2081 tu
660 2031 796 2096 virgo
819 2050 832 2092 3
865 2048 960 2081 nec
983 2048 1136 2094 mora,
1162 2049 1310 2096 carpe
1333 2033 1475 2082 viam.

227 2115 302 2164 Te
325 2123 538 2178 poscunt
560 2114 728 2174 valles,
754 2115 942 2177 glaucae
967 2113 1057 2162 tibi
1081 2130 1219 2163 more
1243 2115 1488 2163 columnae

294 2195 504 2244 Tollitur
527 2211 557 2244 a
580 2195 763 2259 sparcis
788 2197 950 2244 fumus
973 2195 1158 2259 ubique
1184 2195 1319 2244 focis.

227 2277 402 2340 Teque
425 2286 607 2325 vocant
630 2276 784 2340 pueri,
811 2278 1030 2340 ludoque
1057 2293 1149 2340 ego
1174 2286 1343 2340 pastor
1366 2294 1537 2335 avena,

296 2359 345 2406 N
349 2373 407 2407 ec
431 2357 524 2407 nisi
549 2358 841 2422 suaviloquo
865 2375 974 2407 rura
998 2375 1179 2408 canore
1206 2369 1397 2408 sonant.

235 2438 410 2487 Dulcis
433 2448 485 2488 at
507 2439 584 2488 his
607 2449 826 2504 praestas,
855 2440 988 2489 dulci
1014 2457 1127 2489 cum
1152 2457 1400 2489 murmure
1428 2439 1652 2502 quamvis

298 2519 614 2568 Gramineam
637 2522 817 2570 rodant
840 2521 1044 2570 flumina
1069 2522 1203 2571 mille
1227 2522 1373 2581 viam,

230 2601 451 2652 Chaonis
477 2612 525 2650 et
549 2603 759 2652 volucris
783 2605 1047 2667 grandaeva
1071 2606 1230 2667 ploret
1254 2603 1304 2651 in
1330 2604 1480 2661 ulmo,
1525 2651 1530 2654 .

298 2685 492 2747 Agmen
517 2692 565 2732 et
590 2683 902 2733 innumerum
926 2687 1038 2735 lene
1064 2694 1278 2734 susurret
1302 2699 1462 2746 apum.

1154 2817 1211 2865 G.
1240 2815 1313 2861 W.
1341 2816 1402 2875 J.‚
1437 2815 1576 2862 1866.
