2028 3230
582 275 760 310 GREEK
798 274 1168 308 HEXAMETERS.
1481 274 1575 325 245

145 397 287 452 ὥστε
335 394 512 453 Νότος
572 394 850 467 στενάχων
911 392 1038 447 ποτὶ
1094 392 1360 463 δένδρεσιν
1419 392 1578 460 ἠπύει

289 479 485 551 ἄκροις·
508 528 514 533 .

218 561 336 615 “Ὠ
363 561 510 634 φίλε,
538 561 719 615 πάντα
754 559 868 618 θεὸς
903 559 1066 631 πόρεν
1098 556 1251 612 ἅσσα
1291 557 1362 611 σὺ
1400 559 1578 612 λι’σσε’

287 645 540 716 ἀρέσθαι*

145 727 264 782 οὐδὲ
287 728 391 798 ιγὰρ
417 728 486 786 ὡς
511 727 675 781 ἄλλοι
701 725 772 780 σὺ
796 725 886 780 καὶ
912 726 1109 798 εὔχεαι,
1137 723 1257 778 οὐδὲ
1281 727 1527 795 μενοινᾷς

145 810 202 864 ἐν
225 811 418 884 φρεσὶν
441 809 475 878 ἢ
501 810 687 863 ἄλλων
710 808 834 879 περὶ
862 808 1025 879 θήρην
1051 808 1271 874 ἔμμεναι
1297 806 1500 878 ἀνδρῶν

144 893 179 962 ἥ
205 916 268 949 νυ
292 893 390 948 καὶ
409 893 639 967 ἰχθυάαν
664 891 992 962 περιίδμεναι
1017 890 1391 960 ἀγκίστροισιν

143 977 179 1045 ἤ
205 999 312 1030 που
336 975 633 1045 ἀριστεύειν
657 974 747 1028 καὶ
774 973 1059 1046 ὑπείροχον
1085 973 1305 1042 ἔμμεναι
1330 975 1533 1034 ἄλλων,

145 1059 205 1126 ἠὲ
228 1057 344 1128 μεθ’
372 1057 554 1131 ἡρώων
578 1057 735 1126 τιμὴν
761 1057 848 1109 καὶ
875 1056 1027 1113 κῦδος
1053 1055 1295 1127 ἀρέσθαι,

145 1144 295 1199 ἀλλὰ
319 1144 594 1212 μενοινάας
619 1145 812 1216 ὄφελος
836 1146 955 1214 λαῷ
980 1165 1033 1196 τι
1056 1142 1319 1211 «γενέσθαι,

145 1229 205 1282 αἴ
227 1227 315 1282 κέν
339 1249 452 1285 πως
479 1228 548 1282 σύ
572 1229 666 1280 τιν”
697 1226 870 1280 ἄλλον
897 1225 1090 1295 ὀνήσῃς
1115 1224 1375 1296 ὀψίγονόν
1400 1247 1517 1295 περ.

146 1315 236 1365 νῦν
260 1312 330 1383 ῥα
354 1310 493 1383 φίλα
518 1309 751 1382 φρονέων
778 1309 983 1374 θνητοῖς
1010 1308 1112 1377 ε’«γὼ
1138 1308 1365 1377 ἅνγνγελος
1391 1308 1562 1362 ε’λθὼν

146 1393 439 1465 οὐρανόθεν,
473 1393 677 1464 (βίοτος
703 1392 758 1446 δὲ
785 1392 904 1445 θεοῦ
931 1394 984 1446 ἐν
1007 1391 1232 1459 «γούνασι
1258 1393 1447 1462 κεῖται)

147 1477 277 1549 ἔργα
303 1499 367 1531 σε
391 1476 578 1529 πολλὰ
603 1476 825 1547 πάρειμι
851 1474 1074 1543 διδάξων
1101 1474 1429 1545 ἐργάζεσθαι,

150 1562 294 1632 ὄφρα
321 1560 367 1612 κ’
397 1557 693 1615 ἀεθλεύσας
718 1580 775 1611 τε
817 1559 904 1611 καὶ
931 1558 1102 1625 ἄλγεα
1127 1557 1313 1610 πολλὰ
1338 1557 1579 1626 μοὟήσας

148 1647 240 1698 νῦν
265 1641 350 1713 ἄρ*
378 1642 407 1695 ὅ
432 1663 484 1695 τι
510 1641 671 1714 φρεσὶ
698 1643 830 1710 σῇσι
854 1643 1095 1711 μενοινᾷς
1121 1641 1277 1714 εὖχος
1305 1641 1480 1710 ἄρηαι.

149 1727 279 1779 ἀλλ’·
309 1724 425 1788 ἄνα,
457 1723 777 1791 κεκλιμένων
803 1725 861 1777 ἐκ
887 1723 1111 1796 φύλλων
1136 1725 1308 1794 ὄρσευ,
1336 1723 1535 1790 Ἰαύθη,

148 1809 279 1878 ὄρσο
305 1806 754 1876 παλαισμοσύνης
791 1806 874 1860 ἵνα
899 1807 1220 1878 πειρώμεσθ’
1253 1807 1578 1876 ἀλεσγεινῆς.”

220 1891 381 1946 Ἀλλ’
398 1892 426 1945 ὅ
445 1893 494 1961 *γ’
512 1892 698 1949 ἄσιτος
724 1890 970 1947 ἄπαστος
997 1889 1208 1956 ἐδητύος
1232 1890 1323 1957 ἠδὲ
1347 1897 1578 1960 ποτῆτος

149 1974 472 2043 κεκλιμένων
496 1974 698 2031 ἀνστὰς
724 1973 783 2041 ἐξ
806 1973 952 2040 εὐνῆς
979 1973 1178 2042 ὤρνυτο
1205 1975 1443 2045 φύλλων,

148 2056 343 2124 ἤλυθεν
369 2055 618 2110 ἔντοσθεν
641 2056 892 2127 μεγάροιο
919 2055 1027 2108 διὲκ
1054 2055 1321 2113 σκιόεντος

152 2138 443 2208 δυσομένου
468 2139 572 2192 ὑπὸ
597 2140 946 2207 λαμπομένην
971 2139 1241 2211 ὑπερίονος
1266 2139 1447 2206 αὐτγήν·

151 2222 211 2274 ἐκ
235 2220 276 2274 δ’
306 2221 477 2276 ἐλθὼν
503 2222 715 2287 κλισίης
742 2222 890 2291 ξείνῳ
917 2222 1213 2276 ἐπάλαισεν
1238 2220 1462 2286 Ἰαύθης·

152 2303 204 2358 οἱ
227 2303 270 2356 δ’
297 2305 412 2357 ἐπεὶ
437 2304 696 2372 ἀλλήλων
719 2305 881 2377 χερσὶ
907 2307 1206 2376 στιβαρῇσι
1231 2304 1527 2372 λαβέσθην,

152 2389 228 2458 τῷ
283 2385 295 2404 ’
323 2386 428 2459 ἄρα
452 2390 714 2456 κεκμηῶτι
739 2387 891 2456 μένος
916 2386 1030 2456 μέγ’
1058 2388 1240 2456 ἀέξετο
1268 2392 1388 2458 κῆρι

153 2469 325 2524 ἔνδοθι
350 2470 692 2540 παλλομένῳ,
721 2470 810 2524 καὶ
836 2470 910 2525 ἐνὶ
936 2471 1126 2542 φρεσὶν
1154 2471 1308 2527 ἐλπὶς
1333 2470 1543 2540 ἀγέρθη,

154 2552 200 2608 ἲς
226 2550 269 2605 δ’
297 2550 398 2605 ἀνὰ
425 2550 508 2605 ἴνι’
535 2551 731 2624 ὀρώρει,
759 2552 1021 2622 ὀφέλλετο
1047 2554 1102 2607 δὲ
1127 2555 1279 2621 μένος
1302 2552 1383 2620 ἠΰ.

153 2633 206 2687 οἱ
228 2633 282 2686 δὲ
307 2635 756 2702 παλαισμοσύνης
784 2636 1057 2704 ἀλενγεινῆς
1083 2636 1410 2707 πειρήσαντο

154 2715 450 2783 δυσομένου
476 2716 579 2770 ὑπὸ
603 2718 922 2788 λαμπομένῃ
949 2719 1221 2789 ὑπερίονος
1248 2719 1398 2784 αὐγῇ·

155 2798 207 2853 οἱ
226 2800 323 2868 μὲν
349 2799 650 2871 ἐρειδέσθην
675 2800 799 2871 περὶ
826 2801 983 2866 νίκης,
1011 2801 1137 2855 ἀλλ’
1166 2802 1243 2855 ἔτι
1268 2804 1481 2867 μᾶλλον

818 2900 850 2932 R
890 2902 914 2932 2
