2028 3230
0 846 10 879 ξ

0 927 5 943 ι

0 1225 7 1247 ,,

0 1273 3 1293 l

683 220 845 255 LATIN
883 220 1147 256 ELEGIACS.
1541 225 1596 269 13
1612 226 1628 256 1

206 342 343 392 Tum
367 339 527 391 doluit
549 341 724 390 frustra
746 357 955 391 maerore
982 342 1183 390 Luellus
1209 341 1343 390 inani
1363 360 1377 403 3

277 424 607 486 “Exsuperas
630 423 786 473 fidum
811 422 896 485 qui
920 439 1076 486 genus
1101 438 1266 483 omne,
1293 423 1403 471 vale
1428 427 1436 472 2

207 503 336 566 Quae
361 511 411 553 te
435 519 549 567 quae
572 502 734 553 rabies
759 502 992 567 spoliavit
1015 503 1205 566 perfida
1227 502 1331 552 vita

276 586 453 649 Usque
479 585 568 634 erit
592 585 644 634 in
667 584 876 634 memori
900 585 1051 634 corde
1076 584 1296 634 dolenda
1319 586 1478 634 me0.”

208 749 250 798 F
250 764 434 798 unerea
457 747 708 798 aedificant
732 763 919 811 pompa
943 748 1105 810 regale
1131 748 1462 810 sepulchrum,

274 831 410 890 Arte,
437 846 502 878 en
524 831 535 878 Ξ
573 828 768 893 egregia
790 829 1020 892 sculptile
1045 828 1196 892 surgit
1221 845 1347 892 opus
1367 831 1376 876 Ξ

206 902 464 960 Laudibus
488 909 736 974 inscriptis
761 910 1065 960 celebrantia
1089 925 1334 959 marmora
1358 911 1540 959 famam

275 992 407 1042 Ossa
430 991 568 1041 canis
592 991 680 1040 fidi
705 993 1046 1041 contumulata
1071 1000 1256 1056 tegunt.

204 1158 429 1207 Venator
450 1155 613 1221 potuit
637 1172 906 1219 nunquam,
935 1172 1191 1219 nunquam
1216 1154 1381 1204 incola
1405 1155 1539 1205 silvae

275 1239 487 1287 Pectore
511 1254 615 1286 non
639 1237 764 1286 tristi
789 1237 1082 1301 praeteriisse
1107 1238 1288 1298 locum,

209 1322 399 1370 Rorata
422 1330 471 1370 et
496 1319 708 1368 lacrimis
733 1319 1032 1368 stillantibus
1056 1321 1224 1380 herba,
1251 1318 1410 1368 Luelli

273 1403 418 1465 Saepe
443 1410 518 1451 est
542 1400 788 1450 tristitiam
813 1401 1074 1450 testificata
1097 1417 1308 1464 gravem.

210 1564 314 1614 Hic
338 1581 542 1629 quoque
568 1563 829 1627 suspendit
855 1581 1010 1613 cornu
1037 1563 1295 1627 suspendit
1321 1573 1370 1613 et
1394 1565 1600 1625 hastam,

275 1648 419 1712 Saepe
444 1655 508 1706 et,
535 1662 687 1708 quum
714 1644 890 1694 clausit
914 1645 1131 1708 vesperis
1160 1645 1282 1694 hora
1305 1645 1453 1706 diem,

205 1729 450 1780 Credulus
475 1727 664 1776 audivit
691 1727 1032 1776 miserandum
1057 1736 1216 1776 morte
1241 1728 1333 1776 sub
1358 1727 1466 1791 ipsa

272 1809 499 1861 Vocibus
524 1808 755 1859 extremis
782 1810 1031 1858 exululare
1057 1803 1244 1858 canemss

1239 1972 1285 2033 J.
1317 1972 1383 2031 B„
1422 1989 1436 2018 1
1451 1975 1557 2037 852.
