2028 3230
609 237 767 272 LATIN
806 237 1172 271 HEXAMETERS.
1509 239 1534 282 3
1544 238 1569 268 2
1583 239 1601 268 Ι

187 353 383 425 Siquid
405 361 559 410 habet
581 358 774 423 pulchri
797 359 957 419 tellus,
984 356 1053 407 ibi
1076 356 1328 420 pulchrius
1354 373 1461 406 esse

187 441 383 506 Cuique
407 442 561 491 decus
578 458 593 501 3
627 457 779 503 quum
805 439 902 488 sint
925 437 1254 503 perlucidiora
1275 438 1472 497 fluenta,

190 522 395 587 Largius
419 531 469 572 et
492 522 665 571 tendat
684 522 875 581 caelum,
903 519 1116 569 divinior
1141 535 1237 579 aer,

189 607 434 669 Prataque
457 601 888 681 purpureanradiis
912 601 1216 650 circumdata
1239 601 1392 662 lucis;

191 688 306 749 Qua
327 687 441 735 loca
463 693 714 735 terrestres
736 683 864 733 inter
886 682 1242 746 pulcherrimus
1266 682 1419 747 ignes,

187 766 391 817 >Arbiter
412 766 519 830 ipse
543 765 660 829 poli,
686 781 790 814 non
815 764 966 813 audet
990 763 1147 813 visere
1172 763 1338 812 Titan.

195 852 287 898 Ast
310 847 503 908 animis,
527 848 706 896 ardens
731 861 858 909 quos
880 845 1013 895 vexit
1037 846 1102 894 ad
1125 846 1309 895 aethera
1332 845 1498 905 virtus,

198 932 327 979 Haec
350 931 463 979 loca
486 927 607 978 inire
631 926 991 977 damn—Vitae
1014 926 1318 986 mortalibus,
1345 926 1520 989 inquit,

199 1013 317 1060 Heu
341 1011 471 1062 male
493 1008 729 1073 proposui
753 1009 918 1069 finem,
946 1007 1031 1071 qui
1056 1008 1220 1057 fallere
1244 1024 1372 1056 vana

199 1091 395 1141 Laetitia
416 1090 558 1155 potui
581 1100 791 1157 tempUS,
819 1088 903 1154 qui
927 1090 1096 1139 ludere
1121 1089 1249 1153 turpi

201 1172 409 1223 Desidia
431 1181 481 1223 et
504 1172 708 1237 cyathis,
732 1171 819 1222 ubi
842 1187 936 1221 nos
961 1171 1192 1221 diviserat
1215 1187 1399 1235 aequor,

202 1257 337 1304 Dum
361 1254 451 1303 tibi
474 1270 565 1318 pro
587 1253 717 1304 ludis
740 1253 954 1303 lacrimae
978 1263 1279 1317 noctemque
1304 1254 1548 1316 diemque.

202 1340 334 1386 Ante
359 1337 533 1386 oculos
555 1335 764 1386 comites
787 1345 964 1399 vegeto
984 1337 1089 1399 jam
1113 1336 1232 1384 flore
1253 1337 1471 1398 juventae

206 1418 429 1481 Quisque
455 1433 546 1467 suo
571 1434 631 1467 ex
655 1417 836 1478 studio,
863 1418 994 1466 clara
1018 1417 1069 1465 in
1094 1417 1364 1466 certamina
1391 1417 1568 1465 Martis

205 1503 394 1563 Aptant
420 1515 472 1548 se
496 1499 787 1559 ludo,—aut
810 1514 1039 1562 proceres
1064 1515 1177 1546 curn
1201 1498 1396 1562 regibus
1419 1514 1520 1546 una

208 1580 432 1632 Consilia
453 1579 504 1628 in
529 1571 701 1629 castris
724 1579 912 1644 agitant
932 1599 946 1641 3
982 1597 1082 1643 quo
1106 1589 1330 1643 tempore
1355 1579 1525 1628 classis

207 1661 387 1711 Aulide
412 1661 644 1714 devincta
668 1670 752 1710 est

814 1824 965 1874 Venit
989 1834 1249 1887 expectata
1274 1823 1462 1873 Favoni

208 1908 356 1966 Aura,
383 1907 580 1955 favente
607 1907 735 1955 Deo.
809 1905 941 1955 Dein
965 1922 1162 1954 mecum
1187 1906 1385 1954 oracula
1410 1904 1596 1954 Divom

213 1989 387 2037 Mente
402 1988 544 2036 traho
559 2005 574 2049 3
599 1986 863 2050 tranquilla
881 1986 1026 2036 silent
1042 1986 1227 2035 circum
1244 2003 1444 2050 aequora
1458 1987 1599 2051 ponti
1618 2006 1632 2047 3

211 2068 316 2116 Stat
340 2065 461 2115 mihi
484 2076 671 2116 certum
696 2066 878 2127 animo,
905 2066 999 2115 nisi
1024 2066 1133 2129 quis
1158 2068 1438 2129 praecedere
1463 2069 1610 2117 vellet

216 2147 438 2212 Dignior,
463 2157 517 2197 ut
540 2165 652 2199 mea
675 2147 833 2212 prima
855 2147 972 2197 ratis
997 2148 1307 2212 contingeret
1332 2165 1442 2197 oras

217 2229 359 2280 Mille
381 2240 510 2279 rates
533 2230 674 2292 inter,
700 2232 934 2294 fususque
960 2231 1010 2279 in
1035 2231 1176 2280 litore
1202 2231 1400 2295 sanguis

219 2312 447 2360 Inficeret
470 2321 640 2362 noster
662 2314 931 2376 Trojanam
957 2312 1141 2376 primus
1166 2329 1378 2362 arenam.
