2028 3230
675 233 837 268 LATIN
874 231 1243 266 HEXAMETERS.
1588 231 1675 281 137

245 358 417 420 Quam
441 354 588 406 nobis
613 354 815 404 inmane
844 354 1025 404 Chaos.

1098 434 1237 497 Quin
1261 433 1425 494 dicite,
1454 435 1598 483 tellus

252 523 390 570 Num
414 528 603 570 certare
627 520 756 568 solet
781 534 898 566 cum
923 519 1037 567 luco
1062 515 1240 581 ignava
1264 518 1494 580 superb0‚

249 604 315 653 Se
338 618 483 666 mage
506 597 779 651 formosum
805 616 955 663 quem
982 598 1144 663 primo
1169 597 1329 662 pascit
1351 599 1417 647 ab
1442 601 1592 647 ortu?

250 685 546 748 Supremum
568 699 633 731 an
658 681 849 732 nemori
874 682 992 730 dare
1016 680 1313 744 dedignatur
1335 680 1620 729 honorem?

254 764 454 814 Invidet
477 781 608 814 anne
633 765 781 816 arbor
804 762 939 815 dulci
963 778 1230 812 nemorosa
1252 762 1513 821 columbae,

253 848 409 909 Quod
433 855 593 906 canat,
624 856 674 895 et
697 845 868 894 niveas
893 845 1120 908 pandens
1143 853 1380 907 argentea
1403 859 1593 907 pennas

252 927 451 977 Gaudia
474 926 726 994 perquirat
748 926 923 990 rapido
947 925 1221 989 longinqua
1244 927 1413 974 volatu
1429 928 1452 975 ?

255 1010 364 1058 Nos
388 1008 542 1058 instar
565 1008 797 1069 nemoris,
825 1009 1143 1070 formosaque
1166 1006 1400 1055 bracchia
1425 1016 1593 1056 nostra

255 1092 387 1150 Non,
415 1090 649 1154 pavidam
674 1092 879 1154 prolem,
909 1091 1040 1139 solas
1063 1105 1278 1153 genuere
1304 1090 1563 1138 columbas

254 1176 441 1224 Verum
465 1174 656 1238 aquilas
681 1174 863 1238 potius,
891 1190 1003 1238 quae
1029 1183 1198 1223 nostra
1223 1174 1382 1223 nitore
1407 1182 1628 1223 venustae

258 1257 367 1304 Iam
393 1255 558 1319 capita
581 1255 835 1305 auricomo
861 1256 1263 1319 supereminuere
1289 1272 1518 1319 suprema
1539 1273 1552 1315 3

260 1338 372 1386 Iure
399 1344 449 1386 et
471 1339 761 1400 regnabunt.
838 1340 944 1386 Lex
967 1337 1154 1400 quippe
1179 1347 1366 1386 aeterna
1389 1336 1625 1395 manebit,

258 1417 359 1480 Qui
384 1428 585 1482 superet
608 1419 767 1467 forma
791 1419 1043 1482 superabit
1066 1418 1251 1467 viribus
1276 1418 1421 1467 idem.

257 1502 422 1549 Immo
447 1501 556 1563 lege
580 1499 664 1548 illa
687 1499 863 1549 melior
885 1501 1092 1550 fortasse
1117 1502 1277 1549 futura

256 1580 484 1630 Victores
509 1580 650 1644 parili
675 1582 811 1629 luctu
834 1598 956 1644 gens
982 1582 1231 1645 opprimet
1255 1581 1463 1630 olim.—

256 1662 531 1712 Vidistisne
555 1678 759 1722 novum,
787 1679 900 1711 mea
924 1662 1009 1725 qui
1030 1664 1133 1725 jam
1161 1680 1312 1724 regna
1334 1665 1593 1726 gubernat,

259 1744 452 1795 Oceani
475 1747 681 1809 regem?
751 1743 1026 1793 Vidistisne
1051 1744 1179 1793 illius
1205 1761 1305 1804 ora,

259 1826 514 1876 AEtherios
539 1835 589 1876 et
615 1825 755 1889 equis
780 1827 904 1875 freta
926 1843 1016 1890 per
1040 1825 1324 1889 spumantia
1347 1843 1513 1875 currus

259 1907 469 1972 Aligeris
493 1916 676 1972 raptos,
703 1907 827 1956 mira
851 1924 978 1970 quos
1002 1917 1106 1956 arte
1131 1907 1352 1957 creavit?

260 1988 379 2039 Vidi
405 2005 498 2053 ego
522 1998 800 2039 verrentem
825 1988 1115 2051 tranquillas
1141 1988 1354 2051 aequoris
1378 1989 1552 2048 undas,

261 2072 390 2120 Tam
409 2069 627 2134 pulchris
651 2071 782 2120 adeo
807 2070 1060 2119 nituerunt
1086 2070 1273 2118 lumina
1296 2070 1520 2130 flammis,

264 2153 411 2203 Ultro
436 2161 490 2202 ut
514 2152 837 2216 lugubris—“
862 2155 1010 2201 Nunc
1035 2169 1066 2202 o
1093 2169 1227 2200 nunc
1251 2168 1402 2215 regna
1426 2154 1588 2200 valete
1613 2154 1657 2199 !’'

265 2236 464 2298 Injussa
488 2235 698 2286 ediderit
721 2253 835 2285 mea
859 2235 1127 2299 lingua—“
1146 2236 1323 2284 Valete
1348 2251 1630 2297 supremum
1656 2235 1692 2282 :‘’

266 2316 384 2365 Dixi
405 2336 415 2367 ε
453 2326 502 2366 et
525 2326 580 2366 ut
602 2317 879 2381 adspiciam
904 2312 1016 2380 quae
1042 2316 1128 2365 fati
1153 2315 1343 2365 venerit
1367 2315 1469 2365 ictu

265 2401 458 2462 Aspera
481 2415 585 2448 sors
610 2397 767 2459 vobis,
796 2399 894 2448 huc
918 2398 1033 2447 veni
1057 2419 1067 2448 :
1104 2397 1145 2446 si
1171 2414 1271 2460 qua
1295 2396 1478 2446 severis

270 2479 367 2529 His
394 2496 487 2544 ego
512 2480 798 2529 vulneribus
822 2481 1043 2544 praebere
1069 2478 1317 2528 levamina
1340 2476 1541 2542 possim.

266 2559 496 2624 Accipite
522 2577 553 2611 o
578 2560 1000 2611 verum—Vestri
1026 2577 1089 2611 en
1111 2564 1121 2610 1
1158 2559 1410 2610 medicina
1434 2558 1628 2608 doloris.

1216 2724 1259 2788 J.
1290 2724 1333 2772 S.
1364 2723 1623 2785 W.‚1853.
