2028 3230
621 253 799 290 GREEK
835 253 1204 289 nExAMETERs
1535 259 1627 307 295

479 371 652 394 ”r’‘

276 373 418 446 Εὗρε
518 396 586 447 αρ
627 396 681 428 εν
704 374 895 445 βησσῇ
928 375 1144 442 κλισίην
1170 373 1356 444 ὀλίγην
1381 397 1439 429 τε
1465 378 1629 443 κακήν

347 478 420 519 τε,

205 539 460 612 ῥίπεσσιν
483 539 726 611 φρακτὴν
751 538 1065 595 δονάκεσσίν
1090 539 1135 594 τ’
1163 541 1474 611 οἰσυΐνῃσιν,

206 622 269 696 οὗ
289 610 346 676 τι
370 621 748 695 περιφραδέως·
787 623 961 688 πηλὸς
987 622 1042 677 δέ
1068 623 1121 677 οἱ
1143 624 1283 695 ἀμφὶ
1307 624 1566 690 πέπηκτο.

207 705 334 761 ἔνθα
359 705 414 758 δὲ
439 705 755 760 ναιετάασκε
779 705 915 771 κακὴ
939 710 1100 777 ’γρηῦς
1125 707 1397 773 αὐσταλέη
1423 729 1497 770 τε,

195 788 480 854 οὐλομένη,
508 787 702 861 τέχνην
727 787 989 860 στυνγερὴν
1013 789 1102 843 καὶ
1126 789 1271 858 μήδε’
1298 789 1516 862 ἔχουσα,

208 871 264 925 ἐν
288 873 472 940 πολλῇ
497 871 665 942 πενίῃ·
705 869 842 924 κακὰ
868 870 923 925 δὲ
946 873 1075 945 χροῒ
1097 872 1289 938 εἵματα
1314 873 1455 927 ἕστο·

209 954 331 1026 ᾤκει
380 952 423 1006 δ’
467 953 647 1022 ἤματα
695 954 876 1009 πάντα
925 955 1058 1023 μόνη
1104 956 1307 1024 στέγος,
1354 955 1471 1010 οὐδὲ
1520 957 1630 1023 μετ’

354 1036 543 1095 ἄλλοις

209 1118 456 1188 «γείτοσιν,
483 1119 610 1173 ἀλλ’
637 1120 933 1175 ἀπάνευθεν
959 1121 1099 1175 ἔουσ’
1127 1121 1415 1190 ἀθεμίστια
1438 1119 1565 1190 ᾔδει,

210 1201 350 1255 ὥστε
376 1201 560 1259 δόλους
583 1202 797 1258 λαθέειν
824 1204 899 1259 ἰδὲ
923 1204 1081 1271 κήδεα
1105 1203 1443 1277 μηχανόωσα

211 1290 382 1340 πᾶσιν
443 1286 589 1345 ὅσοις
639 1286 955 1356 φθονέεσκεν
1006 1287 1095 1342 ἐπὶ
1143 1287 1299 1359 χθονὶ
1360 1288 1632 1349 πουλυβο·
1670 1325 1673 1328 -

358 1390 516 1439 τειρῃ.

282 1451 355 1504 ‘H
419 1450 475 1505 δὲ
535 1450 658 1526 τάχ’
722 1453 818 1507 εἰνὶ
880 1453 1038 1525 θυρῇς
1106 1452 1317 1506 ἐλθοῦσ’
1370 1452 1637 1518 ἐστήσατο

357 1534 533 1605 κουρή·

776 1617 904 1638 Αἱ,

213 1620 278 1687 τῇ
302 1616 423 1672 τότε
447 1621 611 1689 ’γρηῦς
637 1619 835 1686 ἐκαθητ
876 1619 1162 1688 ἀθεμίστια
1186 1617 1350 1672 πόλλ’
1378 1618 1542 1674 εἰδυῖα

214 1702 269 1755 ἐν
293 1700 517 1772 δαπέδῳ·
544 1701 664 1756 τότε
691 1701 754 1768 δή
778 1703 847 1774 ῥα
873 1703 1265 1774 κακορραφίῃσι
1297 1702 1434 1756 νόοιο

213 1784 417 1856 λυγρὴν
440 1789 600 1853 μῆτιν
625 1782 817 1856 ὕφαιν’,
842 1783 974 1857 ἄχος
995 1785 1213 1853 ἔμμεναι
1239 1785 1585 1855 ἀνθρώποισι.

218 1866 502 1936 θάμβησεν
550 1867 594 1921 δ’
639 1866 894 1922 ἐσιδοῦσα
942 1868 1239 1939 παρέτρεσε
1286 1867 1345 1931 δ’,
1398 1867 1545 1938 αἶψα
1595 1866 1638 1919 δ’

360 1950 558 2016 ἀνέστη

216 2034 388 2106 ῥίμφα
447 2033 576 2102 μάλ’
634 2034 693 2087 ἐκ
742 2032 915 2098 κονίης
978 2032 1267 2105 ὁρμωμένη,
1325 2034 1540 2102 ὄμματα
1596 2032 1638 2085 δ’

360 2117 519 2176 αἰνῶς

218 2199 373 2272 δηρὸν
398 2200 740 2262 ἐπάπταινεν,
769 2198 998 2269 δειλῇδέ
1023 2199 1075 2253 οἱ
1097 2197 1290 2272 ἔσχετο
1318 2201 1482 2270 φωνὴ,

221 2284 309 2338 καὶ
368 2283 520 2351 μάλα
574 2284 718 2356 χρὼς
786 2283 1047 2356 ὤχρησεν,
1112 2284 1385 2356 ἀμηχανίη
1448 2281 1490 2334 δ’
1550 2283 1640 2354 ἔχε

367 2366 543 2433 θυμόν.

221 2450 254 2516 ἡ
280 2447 335 2502 δὲ
359 2447 552 2519 τρόμον
577 2449 840 2502 παύσασα
862 2452 1032 2521 χολῆς
1059 2449 1386 2518 ἐμπλήσατο
1415 2452 1598 2514 κεινῆς,

224 2532 414 2603 κούρην
438 2532 494 2586 δὲ
517 2532 835 2604 προσέειπεν
860 2531 1117 2590 ὀνειδείοις
1142 2534 1406 2586 ἐπέεσσιν·

299 2622 331 2646 “
348 2614 440 2672 Τίς
465 2615 642 2676 ποθεν,
670 2616 710 2670 ὦ
737 2615 891 2683 ξείνη,
920 2619 1055 2686 κακῇ
1081 2617 1209 2685 αἴσῃ
1236 2616 1384 2687 δεῦρο
1411 2614 1599 2667 κιόυσα

151 2718 154 2722 ·
225 2698 582 2767 ἀγνώστοισιν
607 2698 807 2753 ὁδοῖσιν
834 2699 1023 2756 ἱκάνεις
1049 2700 1299 2767 ἡμέτερον
1324 2699 1395 2750 δῶ
1409 2722 1424 2759 ,-

226 2786 286 2839 οὐ
308 2784 414 2855 «γάρ
440 2806 492 2838 τι
517 2784 777 2850 κληθεῖσά
801 2783 848 2852 νγ’
876 2785 1141 2858 ἐπέρχεαι,
1169 2783 1274 2838 οὔτ’
1304 2781 1590 2854 ἐρατεινή.”
