2028 3230
578 272 756 307 GREEK
793 272 1165 308 HEXAMETERS.
1497 261 1590 321 269

167 390 235 449 (ὃς
259 392 368 447 ἀπὸ
392 391 490 462 μὲν
516 395 746 465 κορυφῆς
770 393 914 465 ὄρεος
938 389 1080 459 τήνδ’
1108 391 1310 461 εἴδομεν
1335 392 1500 446 αὐτοί·

165 475 382 548 φαίνετο
408 475 691 548 πορφυρέῳ
715 475 813 544 μὲν
839 476 1042 543 σήματι
1067 473 1448 546 παμφανόωσα

164 558 224 612 ἐκ
248 563 403 613 νοτοῦ
427 559 685 632 ἐρχομένη
709 558 962 631 «γλαφυρὴ
988 563 1126 624 νηῦς,
1155 558 1377 630 ὑμετέρη
1402 557 1458 611 δὲ

166 639 314 696 ἵστια
352 641 519 696 λευκὰ
560 641 819 703 πέτασσε,
862 645 1046 713 φυγεῖν
1090 640 1145 694 δὲ
1187 639 1315 708 μάλ’
1344 639 1588 712 ἐτράπετ’

307 723 506 797 alapa?

154 888 291 943 Ὧδε
315 888 422 943 τότ’
449 888 476 944 ὁ
503 890 742 962 Βρουκὴς
766 889 917 960 μύθῳ
943 889 1032 943 καὶ
1059 888 1307 962 ἐπιφρόνι
1331 891 1509 960 βουλῇ

161 972 307 1027 εἶπεν
330 973 464 1046 πρὸς
489 973 581 1028 τὸν
606 972 826 1034 ἄνακτα,
854 971 1016 1044 φίλον
1041 972 1339 1040 τετιημένος
1364 973 1507 1043 ἣτορ·

162 1056 280 1108 ““Ω
329 1055 498 1111 πόποι
551 1055 585 1125 ἦ
633 1055 787 1125 μάλα
844 1055 908 1123 δὴ
967 1055 1118 1113 κλέος
1167 1056 1431 1128 ἀργαλέον
1480 1054 1587 1110 τόδ’

305 1139 530 1203 ἀκούειν,

159 1220 277 1275 οὐδὲ
300 1221 443 1291 μένει
468 1221 628 1276 νοέειν
655 1220 830 1276 ἱκανὸν
855 1220 990 1294 φάος
1014 1220 1230 1288 ἠελίοιο,

156 1304 191 1372 ἢ
218 1304 474 1376 νημερτέα
498 1308 666 1358 ταῦτα
690 1302 904 1372 λέὙουσ’
930 1303 964 1370 ἢ
990 1303 1195 1374 ψευδέα
1218 1303 1413 1358 πάντ-α’

159 1386 436 1456 φαίνονται
460 1385 698 1460 χαλεποί
721 1409 779 1441 τε
804 1386 893 1440 καὶ
919 1387 1094 1459 ἄνγριοι
1121 1385 1298 1458 ἄνερες
1325 1386 1448 1451 οἵδε,

158 1468 250 1523 καί
272 1491 355 1523 τοι
375 1469 478 1538 ἐγὼ
496 1470 742 1524 πεπόνων
761 1468 971 1542 καρύων
988 1469 1142 1538 μάλα
1162 1469 1366 1542 τρηχὺν
1385 1470 1584 1524 ὄπωπα

159 1553 400 1606 πολλάκι
438 1553 628 1623 φλοιὸν
666 1551 770 1605 ἔπι·
822 1552 911 1606 καὶ
952 1557 1042 1608 νῦν
1082 1551 1205 1626 τάχ’
1243 1551 1324 1625 ἄρ’
1367 1553 1586 1607 ἔσσεται

303 1633 411 1688 ὡδί·

158 1715 251 1785 ξὺν
275 1714 320 1770 δ’
347 1717 505 1786 ἴομεν·
543 1716 634 1771 καὶ
657 1717 760 1786 Ὑὰρ
785 1719 951 1790 πυρὸς
975 1717 1066 1784 ἠδὲ
1093 1717 1306 1783 ἐδητύος
1330 1718 1494 1785 ἡμέας

158 1800 247 1854 καὶ
273 1799 486 1869 στεΎέος
511 1804 603 1854 νῦν
626 1803 802 1872 χρεῖος
831 1799 1065 1855 ἱκάνεται
1091 1799 1258 1855 οὐκέτ’
1285 1801 1516 1856 ἀνεκτόν·

158 1883 255 1937 καί
273 1905 356 1937 τοι
380 1883 724 1951 ἀμειβόμενοι
750 1883 837 1936 διὰ
863 1883 1026 1938 νύκτα
1051 1884 1360 1956 φυλάξομεν
1385 1885 1498 1939 αἰὲν

155 1965 229 2036 μὴ
254 1965 407 2024 δόλος
431 1964 466 2036 ᾗ
493 1989 586 2024 τις,
614 1965 967 2035 ἀμειβόμενοί
988 1964 1034 2020 θ’
1062 1966 1350 2035 εὑδήσομεν
1376 1968 1539 2023 αὐτοί.

1101 2052 1113 2070 3

157 2051 199 2105 ὦ
224 2050 390 2122 φίλοι,
418 2050 688 2104 ἀσπάσιοι
714 2050 882 2118 ξενίης
908 2048 1058 2118 τῆσδ’
1085 2053 1450 2118 ἀντιβολῆσαι

158 2131 418 2207 ἐρχόμεθ’,
448 2131 553 2187 οὐδ’
582 2134 703 2201 ὑμῖν
729 2132 811 2205 ἄρ’
839 2134 1140 2188 ἀπέσσεται
1165 2133 1270 2203 ἄξι’
1297 2133 1509 2190 ἄποινα·

156 2215 281 2271 ἀλλ’
299 2214 443 2285 ἄγετ’
460 2216 532 2275 εἰς
558 2216 788 2282 κλισίην,
811 2217 958 2290 τάχα
985 2215 1026 2270 δ’
1046 2216 1328 2289 ὀτρύνεσθε
1355 2217 1579 2273 νέεσθαι·

156 2297 368 2374 ἴσχεσθ’
394 2300 456 2354 οὐ
478 2299 581 2371 «γὰρ
607 2299 671 2367 δὴ
696 2300 990 2369 μίσνγεσθαι
1017 2300 1244 2369 ἐάσομεν
1270 2300 1444 2368 ὑμέας,

155 2381 280 2437 ἀλλ’
302 2382 524 2455 ἔρχεσθε
548 2382 816 2455 πάροιθεν,
838 2382 958 2438 ὁδὸν
983 2382 1121 2437 κατὰ
1139 2383 1573 2447 παιπαλόεσσαν,

156 2465 462 2534 ἑσπομένων
486 2466 633 2533 ἡμῶν
659 2468 804 2535 ὑμεῖς
828 2467 1081 2537 ἡγήτορες
1107 2467 1286 2521 ἕστε.”

1179 2635 1229 2682 F.
1262 2634 1332 2691 B„
1368 2634 1504 2696 1858.
