2028 3230
618 263 796 298 GREEK
833 262 1019 296 HEXAM
1026 261 1199 295 ETERS.
1532 260 1624 310 297

256 382 365 443 “Ως
407 383 489 456 ἄρ’
529 382 646 455 ἔφη·
693 381 853 455 κούρῃ
903 381 959 436 δὲ
1001 380 1105 454 δίχ’
1149 381 1203 433 ἐν
1253 379 1414 450 φρεσὶ
1466 379 1627 447 θυμὸς

187 531 190 536 ,
343 468 542 540 ὀρώρει·

193 555 361 623 *γρηῦν
403 550 448 605 δ’
483 548 890 618 ἀπαμειβομένη
916 551 1179 616 μαλακοῖς
1208 547 1431 601 ἐπέεσσι
1456 567 1627 618 προσ-

257 691 263 695 „
341 634 489 700 ηύδα·

270 726 301 745 “
318 715 595 785 Δαιμονίη,
624 715 682 768 τί
699 737 766 783 με
791 719 961 768 ταῦτα
986 712 1213 783 διείρεαι,
1242 709 1319 777 ἠδ’
1348 710 1578 767 ἐνένιπες

198 797 299 854 ὦδε
322 797 699 873 χολωσαμένη·
739 796 839 850 σὺν
863 798 967 868 ’γάρ
993 817 1097 849 τινι
1123 793 1322 862 δαίμον’
1354 793 1513 846 ἱκάνω

200 882 376 949 νηπίη,
406 880 511 935 οὐδ’
538 880 704 935 εἰδυῖα
729 879 845 934 τεὸν
871 880 1030 948 δόμον
1056 877 1174 932 οὐδὲ
1201 877 1436 931 θέλουσα

197 965 468 1039 ἔρχεσθαι·
508 964 572 1018 σὲ
597 963 652 1018 δέ
677 986 768 1031 μοι
792 967 999 1035 παῦρον
1022 962 1216 1035 χρόνον
1241 960 1344 1014 ἔνθ’
1376 959 1584 1014 ἱκετεύω

197 1049 486 1118 ἀμνηστεῖν
501 1048 760 1114 καμάτου·
786 1047 923 1115 μέτγα
940 1046 1044 1116 «γὰρ
1065 1044 1225 1098 κακὸν
1245 1043 1463 1112 ἔνγτγυθεν
1481 1044 1624 1110 ἣεν.”

265 1132 360 1194 Ἦ,
404 1133 493 1187 καὶ
533 1131 671 1186 ὑπὲκ
718 1131 1013 1203 βλεφάρων
1055 1133 1243 1195 λευκῆς
1281 1126 1418 1181 κατὰ
1463 1126 1627 1197 δάκρυ

343 1217 565 1288 παρειᾶς

198 1299 304 1367 ἦκα
330 1297 710 1367 κατειβόμενον
733 1294 964 1370 χαμαδὶς
989 1295 1126 1368 χέεν,
1156 1292 1369 1366 ἀρτγύρῳ
1395 1292 1528 1354 ἶσον,

198 1381 391 1436 τυτθὸν
415 1380 527 1451 ἅμα
552 1378 873 1452 στενάχουσ’
901 1375 1127 1432 ε’λεεινόν
1151 1375 1212 1438 τ’,
1242 1377 1352 1429 οἷον
1377 1376 1609 1433 ἀκούσας

197 1465 259 1520 οὔ
282 1466 362 1522 τίς
387 1487 470 1519 τοι
494 1462 685 1536 φρεσὶν
708 1461 803 1533 ᾗσι
828 1461 1067 1533 σιδήρεος
1093 1459 1192 1513 ὧδε
1218 1459 1465 1513 τέτυκται

200 1548 256 1605 ὃς
281 1547 344 1614 δὴ
370 1551 463 1615 τῆς
488 1545 621 1619 ἄχος
646 1545 708 1599 οὔ
745 1544 789 1598 κ’
812 1543 1139 1615 «ὀλοφύρατο,
1167 1540 1331 1596 ’πόλλ’
1359 1541 1625 1612 ἐλεαίρων.

197 1631 230 1698 ἡ
256 1629 312 1685 δὲ
336 1630 426 1684 καὶ
452 1629 788 1694 οὐλομένοισι
815 1626 990 1683 δόλοις
1016 1624 1351 1699 κεχαρημένη
1378 1624 1490 1678 αι’ὲν

198 1717 375 1785 «γρηῦς,
403 1714 520 1778 τοίη
544 1726 647 1784 περ
674 1709 832 1773 εόυσ’,
861 1709 1049 1776 ε’λέησέ
1075 1731 1168 1762 νιν·
1209 1709 1264 1762 ἐν
1290 1708 1345 1761 δέ
1370 1707 1422 1760 οἱ
1443 1706 1572 1779 ἦτορ

199 1794 400 1872 ἅχνυτ’,
432 1797 547 1851 ἐπεὶ
574 1794 766 1868 κούρην
792 1791 963 1859 καλὴν
996 1791 1071 1845 ἴδε
1097 1789 1511 1862 δακρυχέουσαν.

1133 1960 1188 2006 E.
1217 1958 1260 2020 J.
1291 1958 1381 2016 M„
1415 1958 1556 2007 1861.
