2028 3230
659 243 819 280 LATIN
854 241 1117 278 ELEGIAcs.
1505 231 1593 277 261

177 373 208 398 “
226 369 418 420 Ibimus
441 369 506 418 ad
530 368 765 417 Rhenum
789 385 798 416 :
835 372 958 428 quot
980 365 1132 412 habet
1158 363 1424 412 Germania
1448 373 1590 425 tutaS‚

249 451 427 502 Tutior
447 450 500 500 in
524 450 707 500 Rheno
733 457 828 498 stat
852 445 973 495 mihi
998 445 1185 506 turriS‚”
1210 446 1293 507 ait,

180 538 212 562 “
231 533 424 584 Moenia
447 534 580 582 celsa
602 539 789 590 tenent,
815 536 1061 593 praerupta
1084 527 1304 591 margine
1327 527 1461 592 ripae,

246 614 498 665 Turbidus
521 613 716 663 undosa
737 609 950 661 volvitur
973 607 1133 657 amnis
1158 610 1329 671 aqua.’'

180 801 300 849 Huc
324 798 424 849 cito
449 799 744 862 deproperat
768 797 1019 861 trepidans
1043 798 1243 845 horrore
1267 794 1522 853 Sacerdos,

244 880 461 930 Transiit
486 889 535 930 et
557 881 693 929 nulla
715 879 918 928 flumina
943 880 1124 928 Rhena
1147 894 1287 926 mora
1307 895 1320 937 3

180 961 411 1013 Pervenit
435 962 500 1011 ad
524 961 692 1011 turrim
715 980 724 1010 :
757 962 900 1024 jubet
924 960 1098 1009 anxius
1123 959 1228 1023 ipse
1253 955 1477 1007 fenestris

247 1045 312 1094 Et
335 1043 521 1094 foribus
546 1044 692 1092 duras
715 1042 1007 1106 adposuisse
1033 1057 1175 1090 seras.

179 1230 413 1279 Membra
434 1237 543 1278 toro
568 1226 748 1291 posuit,
775 1227 1071 1276 clauduntur
1094 1224 1293 1284 lumina,
1322 1225 1495 1271 frustra
1514 1240 1527 1283 3

245 1308 464 1359 Territus
487 1308 715 1357 horrifico
741 1308 933 1359 subsilit
957 1308 1074 1357 inde
1100 1323 1224 1356 sono
1248 1325 1257 1355 :

178 1391 381 1442 Subsilit
403 1411 413 1441 :
451 1407 513 1439 en
534 1392 544 1438 1
578 1389 777 1453 gemina
799 1389 1049 1439 rutilantia
1072 1388 1260 1437 lumina
1285 1387 1485 1435 flamma

247 1471 458 1522 Pulvino
482 1470 734 1520 instabant
757 1491 766 1520 :
802 1471 919 1520 hinc
944 1487 1095 1520 sonus
1121 1470 1202 1518 ille
1228 1468 1330 1517 fuit.

177 1656 333 1707 Audit
357 1665 406 1706 et
429 1656 689 1718 adspectat
712 1674 722 1704 :
757 1671 921 1718 neque
947 1656 1090 1704 adest
1114 1654 1207 1704 nisi
1233 1652 1399 1703 territa
1423 1650 1530 1700 felis
1555 1671 1564 1699 :

244 1741 481 1789 Attamen
505 1736 623 1786 inde
647 1745 808 1785 metus
834 1746 1036 1800 pectora
1059 1739 1218 1800 major
1251 1737 1430 1783 habet:

179 1823 275 1871 Illa
299 1821 478 1871 sedens
502 1820 724 1868 ululabat
750 1818 896 1879 enim,
923 1818 1184 1868 formidine
1210 1819 1429 1878 demens,

248 1905 322 1954 Ut
345 1916 540 1951 murum
564 1899 853 1950 instructam
877 1900 999 1949 vidit
1024 1900 1159 1949 adire
1184 1916 1397 1948 manum.

179 2087 400 2138 Turbida
424 2098 677 2139 tranarunt
700 2086 883 2137 undosi
906 2085 1110 2134 flumina
1138 2083 1317 2144 Rheni,

248 2170 480 2220 Culmina
503 2179 763 2234 praeruptae
786 2167 1018 2231 marginis
1044 2169 1144 2216 alta
1168 2176 1339 2218 tenent
1358 2185 1372 2227 ;

135 2273 137 2275 ¹
178 2251 349 2301 Ardua
371 2254 564 2302 vallatae
590 2251 836 2301 scandunt
859 2249 1051 2312 fastigia
1076 2249 1232 2309 turris,

250 2333 324 2382 Ut
346 2334 476 2383 bene
501 2334 791 2382 mandatum
815 2330 1094 2395 perficiatur
1118 2347 1255 2394 opus.

186 2518 303 2566 Non
328 2525 402 2565 est
427 2516 683 2578 centurias,
710 2533 810 2566 non
838 2526 912 2566 est
936 2533 1192 2565 numerare
1216 2516 1475 2580 maniplos,

247 2599 411 2646 Multa
434 2598 570 2647 venit
593 2598 735 2662 legio,
763 2600 919 2647 multa
943 2607 1139 2646 caterva
1163 2598 1298 2646 venit
1322 2618 1330 2647 :

181 2681 282 2729 Tot
305 2696 468 2743 neque
491 2681 622 2728 fama
644 2682 789 2730 refert
812 2697 974 2729 mures
1000 2696 1162 2742 neque
1189 2679 1348 2742 prisca
1372 2687 1600 2735 vetustam,

254 2763 364 2811 Nec
389 2763 540 2812 ‘talem
564 2778 766 2826 poenam
790 2762 979 2812 viderat
1004 2764 1108 2811 ulla
1133 2762 1257 2811 dies.

846 2857 870 2891 s
909 2860 932 2891 2
