2028 3230
666 196 844 258 GREEK
883 225 1110 260 IAMBICS.

168 339 295 396 ἀλλ’
322 342 463 396 ὥστε
486 345 593 396 τῶν
616 341 815 397 ἄνωθεν
841 341 1205 412 ἐκδεδεγμένον

170 422 346 478 ἄλλον
368 423 481 493 μετ’
506 424 682 480 ἄλλον
707 424 982 498 διαδοχαῖς
1008 428 1352 495 κεκτημένων,

169 506 328 580 γέρας
351 511 618 580 πατρῷον)
647 508 738 563 καὶ
763 508 834 563 τὰ,
858 507 926 571 σ’,
956 510 1051 563 οὐκ
1076 509 1266 575 ἄλλου,
1290 511 1474 579 κράτη·

171 589 319 644 τῶνδ’
345 590 509 645 οὕνεκ’
537 591 708 646 ἐλθὼν
733 591 911 645 τοῖσδε
937 590 1039 646 σύν
1063 594 1113 660 γ’
1140 593 1326 651 ἀστοῖς
1353 595 1470 661 ἐγὼ,

173 673 268 727 σοί
287 672 331 728 τ’
359 674 511 728 οὖσιν
534 673 707 748 ὀρθοῖς
733 675 823 729 καὶ
848 680 1181 729 ταπεινοῖσιν
1207 675 1403 744 φίλοις,

172 757 347 811 αὐτῶν
371 758 416 811 τ’
444 759 694 828 ἐφετμαῖς
720 758 810 812 καὶ
834 757 1016 828 λόγοις
1043 759 1413 828 πεπεισμένος,

173 838 308 912 πρὸς
333 844 434 894 σοῦ
459 840 650 908 δίκαια,
680 841 914 906 δέσποτ’,
943 842 1134 909 ἐξαιτῶ
1159 842 1299 895 τάδε.

247 1007 416 1060 ΓΛΟ.
454 998 750 1081 Ἀμηχανῶ
776 1006 854 1074 δὴ,
881 1007 1108 1076 πότερον
1132 1008 1188 1061 ἐν
1215 1012 1343 1078 σιγῇ
1370 1010 1534 1079 τάχος

175 1087 363 1142 ἔνθενδ’
390 1089 659 1156 ἀπελθεῖν,
686 1089 720 1158 ἢ
746 1094 956 1163 πικροῖς
981 1091 1115 1159 ὑμᾶς
1139 1090 1322 1158 λόγοις

175 1173 385 1243 ψέγειν,
413 1172 529 1241 ἐμοὶ
554 1171 665 1241 δῆτ’
692 1174 805 1227 ὄντι
831 1172 1052 1243 τοιούτῳ
1078 1174 1223 1246 μέρει
1250 1173 1296 1225 θ’

177 1255 322 1324 ὑμῶν
345 1254 592 1324 μάλιστα
616 1255 932 1328 πρόσφορον
955 1255 1252 1326 γενήσεται.

177 1338 327 1393 οὐδὲν
350 1341 455 1411 γὰρ
480 1338 1034 1409 ἀντειπόντος,-ὑμὶν
1059 1341 1125 1394 ἂν
1151 1340 1297 1394 δοκοῖ

178 1421 492 1494 φιλοτιμίαν
517 1422 823 1490 ἄγλωσσον,
849 1423 1089 1493 ἀσμένως
1115 1423 1252 1490 ἄγαν

176 1503 452 1577 πρόθυμον
478 1504 609 1559 εἶναι
635 1509 766 1574 σῖγα
791 1508 865 1576 τῷ
889 1508 1079 1579 χρυσῷ
1108 1505 1242 1577 ζύγῳ

178 1587 351 1661 ἀρχῆς
376 1587 623 1651 ὑπείκειν,
650 1588 714 1656 ἥν
739 1611 840 1660 περ
868 1587 1040 1655 εὐήθει
1065 1589 1216 1660 φρενὶ

180 1674 271 1724 νῦν
296 1670 488 1740 ἀρτίως
513 1671 752 1740 ἐμέλλετ’
781 1671 1078 1740 ἐμβάλλειν
1105 1671 1235 1740 ἐμοί.
1307 1710 1313 1719 .

180 1754 228 1808 εἰ
252 1753 295 1806 δ’
323 1754 474 1812 αὖθις
499 1755 620 1823 ὑμῖν
646 1753 793 1809 ταῦτ’
821 1753 1124 1822 ὀνειδίζοιμ’,
1155 1753 1293 1827 ἅπερ

180 1837 375 1892 αἰτεῖτέ
398 1836 467 1904 μζ
491 1837 810 1910 ἐκφαίνοντα
840 1838 931 1903 τὴν
956 1837 1158 1903 πιστὴν
1186 1842 1373 1909 σαφῶς

180 1920 384 1974 εὔνοιαν
411 1921 553 1989 ὑμῶν
573 1921 643 1979 εἴς
667 1943 750 1988 με,
777 1921 896 1978 τοὺς
922 1919 1118 1991 φίλους
1144 1920 1235 1988 ἐμὲ

181 2001 306 2077 τάχ’
333 2003 399 2057 ἂν
423 2002 668 2072 νομίζοιτ’
695 2003 795 2058 ὧδε
820 2001 1117 2056 κωλύσαντ’
1145 2003 1303 2076 ἔχειν.

185 2085 244 2139 ἵν’
273 2086 366 2140 οὖν
391 2085 450 2139 τὸ
475 2090 690 2158 πρῶτον
715 2086 961 2158 ἐκφυγεῖν
985 2086 1305 2156 πειρώμενος

182 2169 340 2237 λέγω,
367 2169 539 2236 λέγων
563 2191 622 2224 τε
645 2169 718 2238 μὴ
744 2169 805 2223 τὸ
832 2169 1069 2239 δεύτερον
1094 2170 1267 2232 παθῶ,

184 2252 319 2321 ὑμᾶς
342 2252 549 2318 βέβαια
574 2257 664 2307 νῦν
689 2252 982 2322 ἀμείβομαι
1008 2252 1147 2306 τάδε.

185 2336 308 2405 ὑμῖν
330 2334 428 2404 μὲν
452 2335 572 2389 ἀντὶ
598 2335 761 2404 τῆσδε
785 2336 835 2404 γ’
862 2335 1062 2394 εὐνοίας
1086 2336 1249 2408 χάριν

184 2417 400 2484 πολλὴν
426 2417 641 2489 ὀφείλω·
668 2419 764 2485 τὴν
790 2417 832 2471 δ’
860 2418 990 2485 ἐμὴν
1015 2417 1141 2487 παρ’
1170 2418 1323 2486 ἀξίαν

185 2500 332 2556 ταῦτ’
359 2502 485 2555 ὄντα
511 2500 874 2569 τάξαιτοὺμεν’
904 2500 1175 2574 ἐκφεύγειν
1202 2500 1355 2555 θέλω.

187 2585 235 2639 εἰ
257 2585 354 2652 μὲν
376 2583 481 2656 γὰρ
507 2583 654 2638 οὐδὲν
679 2583 922 2654 ἐμποδὼν
949 2585 1197 2651 ἐγίγνετο,

187 2667 304 2725 ὅδος
331 2665 376 2720 θ’
404 2667 585 2734 ἑτοίμη
610 2668 744 2740 πρὸς
770 2667 1047 2740 τυραννίδ’,
1076 2667 1144 2725 ὡς
1171 2664 1289 2734 ἐμοὶ

186 2751 458 2820 γενέθλιόν
483 2772 555 2813 τε,
583 2750 730 2817 κάμὰ,
756 2749 855 2805 σὺν
881 2750 997 2820 δίκῃ
1019 2750 1163 2815 τέλη,

859 2850 885 2882 F
926 2851 952 2881 2
