2028 3230
665 254 845 289 GREEK
883 254 1109 289 IAMBICS.
1512 257 1608 303 309

251 378 374 429 AN.
417 375 510 433 Τίς
535 372 641 429 τόδ’
667 374 896 442 ἤνυσεν,·

250 541 422 594 ΧΟΡ.
625 540 700 594 Τὸ
726 545 882 594 ποῖον
901 564 919 603 ‚·
959 538 1078 600 εἴπ’,
1107 541 1198 593 εᾶν
1221 539 1409 607 μαθεῖν
1435 539 1607 608 θέλῃς.

250 709 373 760 AN.
413 707 534 760 Οὐκ
558 707 690 779 ἐρεῖς
716 705 824 761 τόδ’
852 706 919 763 ὡς
944 704 1017 759 ὅδ’
1035 705 1141 774 εἰμὶ
1166 705 1389 777 τοῦργον
1414 706 1606 774 οὑξειρ-

319 788 601 860 γασμένος·
782 789 786 792 ’

176 873 295 947 μηδ’
324 872 441 940 ἐμοὶ
465 871 660 927 ’πίσειε
685 871 877 944 κρατὸς
901 871 1273 939 αἱματοσταγῆ
1300 873 1479 939 κομήν.

251 1040 365 1092 ΡΟ.
405 1038 528 1108 Χρὴ
566 1037 609 1091 δ’
637 1038 970 1092 ’ἀποστατεῖν
995 1037 1254 1096 ἅπαντας·
1283 1037 1392 1091 ἔστ’
1422 1036 1503 1109 ἐφ’
1532 1038 1606 1094 οἷς

323 1121 454 1192 ἁνὴρ
480 1125 641 1176 νοσεῖ.

250 1286 574 1345 ΑΝΑΣΣΑ.
617 1287 716 1353 Μὴ
743 1285 889 1353 δῆτα,
916 1287 991 1354 μὴ
1017 1286 1144 1354 δῆτ’,
1168 1286 1210 1340 ὦ
1237 1287 1403 1357 φίλοι·
1432 1286 1608 1357 τοιᾷδε

323 1373 428 1443 Ύὰρ

178 1453 379 1524 ξυνόντ’
406 1453 578 1526 ε’«γῲδα
602 1457 788 1508 τοῦτον
813 1454 872 1506 ἐκ
898 1455 1013 1507 νέου
1038 1452 1193 1524 νόσῳ·

177 1537 365 1609 λείψει
391 1560 470 1592 νιν
494 1536 657 1591 αὐτίκ’
691 1536 746 1590 ἐν
770 1537 983 1609 βραχεῖ·
1022 1536 1216 1604 μένοιτ’
1243 1537 1336 1598 ἔτι,

180 1611 348 1674 πλέον
373 1619 415 1673 δ’
443 1618 861 1691 ἐπιστραφέντες
886 1618 1076 1688 ἄλνγιον
1102 1621 1262 1692 φρεσὶ

178 1704 393 1776 κέντρον
418 1704 702 1761 νοσούσαις
727 1702 878 1761 αὖθις
904 1702 972 1756 αὖ
997 1702 1354 1770 προσθήσετε·

179 1786 418 1856 καθῆσθε
442 1786 533 1841 καὶ
559 1785 829 1851 δειπνεῖτε,
857 1785 976 1854 μηδ’
999 1787 1123 1855 ὑμῖν
1148 1787 1317 1853 μέλοι.

181 1869 252 1923 σὺ
276 1868 334 1935 δ’,
364 1868 406 1923 ὦ
431 1870 747 1942 τάλαιφρον,
775 1867 858 1940 ap*
888 1869 1020 1940 ἀνὴρ
1048 1870 1217 1942 ὀρθῶς
1243 1873 1418 1927 κλύεις
1442 1895 1455 1931 ;

255 2038 379 2089 ΑΝ.
420 2036 532 2090 Καὶ
569 2035 674 2103 μὴν
709 2034 908 2104 θρασύς
951 2058 1044 2095 τις,
1075 2034 1135 2108 ὃς
1178 2039 1399 2089 τοιαῦτα
1441 2059 1608 2108 προσ-

328 2119 559 2184 βλέπειν

185 2201 377 2266 τλαίην
401 2201 481 2265 ἂν,
510 2201 597 2255 οἶα
622 2201 861 2267 δαίμονες
888 2199 1137 2272 φοβοίατ’
1164 2200 1242 2254 ἄν.

260 2369 436 2420 ΑΝΑ.
477 2369 590 2422 Φεῦ
614 2369 718 2421 τῶν
750 2368 945 2435 λόγων·
975 2368 1149 2439 φόβος
1174 2391 1235 2436 «γε
1261 2368 1423 2432 ταῦτ’,
1454 2368 1610 2423 αὐτὸς

333 2448 506 2521 φόβος

187 2532 383 2604 «γράφει
408 2531 476 2584 τὰ
502 2531 659 2586 δεινά.
711 2537 867 2587 τοῦτο
891 2534 988 2602 μὲν
1014 2534 1166 2604 ξίφος
1193 2534 1326 2588 ποτὲ

190 2615 339 2683 ἄγειν
363 2612 416 2667 σ’
443 2613 627 2683 ἔλεξας
653 2615 703 2674 ἐς
729 2615 892 2687 φόνον
916 2620 1010 2670 τοῦ
1037 2617 1299 2686 κοιράνου,

190 2697 482 2770 πεδάρσιον
507 2697 813 2769 φάντασμα.
864 2702 1032 2753 ταῦτα
1059 2700 1121 2766 δὴ
1149 2700 1327 2771 φόβον

191 2785 342 2836 κενοῦ
365 2778 678 2853 ταράγμαθ’,
707 2780 791 2833 οἶα
818 2781 905 2835 καὶ
930 2783 1219 2853 παρέστιος

855 2881 887 2913 x
928 2883 954 2913 2
