2028 3230
561 169 585 201 0

634 245 794 279 LATIN
833 243 1022 278 HEXAM
1028 244 1200 278 ETERS.
1541 246 1566 277 2
1575 245 1600 293 5
1610 245 1636 289 ,3

212 365 458 417 Laetitiam
483 381 665 417 saevam
689 365 816 415 fecit.
895 367 1018 414 “Tu
1042 366 1213 414 ludere
1239 364 1497 427 quondam

211 450 320 498 Nos
343 457 571 512 poteras;
608 448 698 497 sed
722 447 842 511 quid
863 449 968 511 jam
992 456 1042 496 te
1067 463 1260 496 servare
1284 445 1471 495 valebit
1488 448 1544 495 ?’'

212 531 344 579 Haec
363 531 519 594 jactat
542 530 634 578 sub
659 529 810 578 corde
834 530 986 589 ferox,
1015 538 1064 578 et
1089 528 1284 577 sustulit
1308 529 1503 577 hastam

213 613 432 661 Mortem
457 611 526 660 illi
550 610 797 661 meditans
816 628 830 672 3
866 611 955 660 sed
974 610 1107 659 enim
1127 619 1246 659 tunc
1265 626 1382 658 aura
1400 611 1636 659 latentem

213 695 308 742 Per
330 693 569 742 citharam
592 692 790 742 fluitans
815 710 843 742 e
868 692 1067 742 chordis
1091 709 1341 740 murmura
1364 691 1536 751 movit,

211 778 306 826 Ars
329 775 589 825 hominum
613 785 745 826 certe
772 785 872 825 tam
897 775 1064 824 dulcia
1086 776 1223 823 nulla
1247 774 1409 823 cieret.

213 858 541 908 Descendens
565 867 717 908 restat
739 857 946 922 gladius,
974 858 1166 906 Tlalala
1189 856 1359 906 omnia
1384 857 1557 904 lustrat

212 939 470 989 Attonitus
487 958 501 1001 3
537 956 688 989 nemo
714 948 788 989 est
808 958 821 1001 3
857 949 1050 988 motum
1075 939 1163 988 sed
1188 955 1351 986 rursus
1376 939 1439 986 ab
1465 953 1582 985 aura

214 1021 480 1071 Insolitum
503 1030 663 1085 turget
687 1022 989 1085 languetque
1013 1037 1102 1084 per
1125 1021 1311 1069 aethera
1334 1036 1566 1067 murmur.

213 1106 343 1152 Tum
369 1103 581 1167 primum
605 1104 811 1152 Tlalalae
837 1112 1095 1151 senserunt
1121 1102 1272 1152 corda
1296 1101 1522 1150 timorem
1544 1120 1557 1162 3

215 1185 446 1249 Hospitis
470 1185 534 1234 ad
559 1186 743 1234 lectum
766 1201 884 1233 nam
908 1183 1040 1233 visus
1064 1183 1266 1232 numine
1292 1192 1459 1231 custos

212 1268 349 1316 Stare
376 1268 515 1315 Deus
532 1283 546 1327 ;
579 1275 709 1315 retro
735 1275 783 1315 et
808 1266 1027 1329 trepidus
1052 1265 1259 1329 vestigia
1283 1265 1433 1314 ducit.

218 1353 245 1374 “
263 1350 411 1397 Illum
436 1348 547 1408 Di‚”
573 1347 725 1408 socio,
754 1347 997 1397 submissa
1020 1364 1144 1396 voce
1168 1348 1378 1406 locutus,

214 1435 242 1457 “
264 1431 414 1479 Illum
440 1429 550 1490 Di‚''
577 1428 713 1490 dixit,
745 1432 774 1455 “
790 1438 998 1478 servant.
1073 1431 1257 1477 Nonne
1281 1427 1479 1477 auribus
1503 1427 1639 1475 illum

212 1508 416 1561 Sensisti
442 1509 672 1570 sonitum,
701 1509 785 1573 qui
810 1509 1018 1574 perculit
1041 1509 1140 1557 ima
1164 1525 1347 1573 pavore

214 1593 394 1653 Corda,
420 1608 683 1654 meamque
708 1608 911 1640 manum
935 1591 1040 1639 fixit
1065 1590 1169 1640 sine
1194 1590 1377 1639 viribus
1401 1589 1470 1637 illi

214 1675 443 1737 Desuper
465 1672 733 1722 innocuam
751 1674 808 1722 ?'’

873 1840 903 1862 ‘⁴
923 1837 1040 1884 Non
1067 1845 1116 1884 te
1141 1834 1295 1898 magis
1319 1834 1403 1883 illa
1428 1837 1638 1884 sonabat

210 1920 326 1967 Vox
349 1919 576 1978 acuens,'’
601 1933 771 1967 comes
795 1918 904 1966 haec
927 1916 1184 1980 respondit
1210 1915 1396 1976 saevior,
1427 1915 1556 1964 “illo

210 2001 490 2063 Acceptum
518 1998 611 2048 Dis
637 2016 745 2048 esse
770 1998 866 2048 tuis
891 2015 1018 2062 opus
1044 1998 1210 2047 omine
1236 2007 1517 2047 monstrans
1535 2000 1591 2047 ?’'

136 2204 142 2213 ,
215 2159 323 2206 “In
348 2157 564 2208 tenebris
589 2157 658 2206 illi
683 2157 858 2207 dicunt
881 2157 1096 2220 atrisque
1121 2156 1363 2220 procellis,

215 2239 309 2288 Per
331 2238 514 2289 tonitru
539 2240 716 2291 caelum
740 2238 922 2303 rumpit
947 2239 1083 2303 quod
1108 2254 1231 2287 voce
1257 2253 1552 2300 supremum,
