2028 3230
612 239 771 274 LA‘rm
807 238 1180 273 HEXAMETERS.
1513 227 1608 286 289

165 400 167 402 -
191 363 311 412 Non
336 359 442 411 sine
466 360 637 410 laetitia
661 359 927 410 crescentis
952 360 1089 409 fonte
1115 375 1371 408 coruscam

188 442 412 493 Vidisset
435 444 607 504 Lunae,
634 450 684 492 et
707 441 859 491 facies
883 440 1147 490 formosior
1171 439 1256 488 illa

191 526 339 576 Clara
360 540 650 589 repercusso
673 522 887 572 fulsisset
911 522 1096 572 lumine
1121 521 1250 572 solis.

260 636 469 685 Stabant
490 634 626 682 hunc
646 635 790 697 juxta
813 631 1009 682 comitis
1035 631 1248 681 tentoria
1271 634 1477 691 fontem,

196 720 258 770 In
281 715 425 766 viridi
449 717 589 776 saltu,
619 717 852 764 Maurum
877 731 977 778 qua
999 716 1225 764 membra
1249 716 1447 765 lavabat

197 797 332 859 Ritu,
359 813 459 861 qua
483 799 689 845 Maurus
711 795 863 845 veluti
883 798 988 859 jam
1006 805 1124 846 vota
1146 798 1335 846 ferebat
1357 817 1368 847 ε

199 879 515 942 Inclinatque
539 886 690 942 caput
713 877 944 927 viridanti
969 878 1020 926 in
1043 879 1264 942 gramine
1289 881 1510 944 supplex.

198 961 278 1011 Fit
302 978 468 1021 sonus,
496 959 711 1010 exoritur
733 959 864 1008 circa
887 960 1100 1009 tentoria
1122 978 1304 1010 vocum

200 1045 439 1103 Murmur,
467 1050 516 1090 et
540 1058 603 1091 en
626 1043 636 1090 l
672 1041 846 1104 rapido
870 1042 1074 1106 propius
1094 1044 1199 1106 jam
1223 1043 1407 1092 femina
1429 1061 1597 1107 gressu

198 1125 514 1188 Adproperat
535 1142 545 1173 :
582 1123 759 1172 ductor
780 1123 947 1173 veniat
971 1141 1082 1187 quae
1107 1125 1290 1174 femina
1313 1127 1509 1189 praescit

203 1209 335 1269 Ipse,
361 1204 495 1269 prius
519 1214 649 1254 natae
674 1206 837 1254 voltus
863 1222 1012 1268 quam
1037 1223 1238 1256 cernere
1261 1208 1421 1270 possit

204 1288 530 1336 Adcumbens
553 1286 748 1350 genitus
770 1287 909 1336 flexis
936 1288 1172 1338 Florinda
1196 1300 1423 1339 movetur

203 1372 337 1419 Ante
360 1369 514 1433 pedes
538 1368 704 1432 patris,
731 1371 963 1433 colloque
987 1370 1147 1420 infusa
1169 1382 1378 1435 paterno
1400 1383 1486 1422 est.

205 1451 392 1501 Oscula
416 1467 568 1514 quum
593 1451 812 1511 dederat,
838 1453 972 1501 lente
996 1454 1326 1516 conplectitur
1349 1454 1483 1503 illam

204 1533 474 1592 Sublatam,
501 1541 551 1581 et
575 1531 659 1581 tali
683 1535 936 1596 conpellat
959 1551 1084 1583 voce
1109 1537 1338 1598 puellam.

209 1618 238 1641 “
255 1616 333 1662 Tu
358 1630 462 1662 non
486 1630 566 1662 me
590 1613 823 1663 miserum
847 1615 1031 1678 liquisti
1055 1615 1156 1664 filia
1179 1618 1382 1666 tandem
1403 1620 1412 1664 Ξ

208 1696 452 1744 Fortunas
478 1695 701 1758 quamvis
727 1698 988 1745 Parcarum
1012 1699 1166 1747 ferrea
1189 1700 1287 1747 fata

209 1779 433 1826 Venturo
457 1786 666 1826 aeternas
691 1787 950 1827 secernant
974 1788 1198 1843 tempore
1223 1781 1381 1841 nobis,

212 1861 347 1907 Dum
371 1857 461 1907 tibi
485 1857 586 1907 vita
610 1869 778 1908 manet
802 1876 906 1908 non
930 1877 1025 1921 me,
1052 1878 1165 1910 mea
1188 1862 1301 1923 filia,
1329 1862 1523 1926 linques
1548 1866 1590 1912 !’'

213 1941 343 1988 Haec
366 1941 520 1989 fracta
544 1941 725 1989 clamat
748 1957 873 1990 voce
898 1951 947 1991 et
971 1942 1204 1993 cohibere
1229 1945 1498 1994 cadentum

214 2021 332 2070 Non
385 2020 695 2070 lacrimarum
747 2021 955 2072 imbrem
1008 2033 1179 2085 tentat,
1239 2029 1267 2051 “
1283 2025 1399 2075 Tibi
1453 2036 1634 2075 cuncta

346 2111 573 2165 precatur

217 2184 338 2243 En,’'
363 2183 536 2246 inquit,
566 2184 805 2247 “genitor
826 2187 975 2247 bona,
1005 2187 1229 2249 quamvis
1254 2188 1423 2237 omnia
1447 2190 1568 2237 falsa

218 2266 444 2327 Puraque
467 2266 603 2313 nulla
625 2267 749 2316 fides
774 2277 916 2328 esset,
944 2268 1210 2318 benedicta
1233 2282 1489 2320 manerent

217 2347 333 2394 Sola
357 2345 546 2395 inmota
568 2347 719 2410 patris
741 2349 781 2397 !”
854 2350 1113 2399 Cervicem
1137 2352 1370 2400 bracchia
1394 2353 1576 2401 circum

221 2425 452 2486 Innectit‚
478 2427 838 2492 lacrimansque
864 2447 979 2480 suos
1005 2432 1173 2496 defigit
1198 2435 1385 2482 ocellos

223 2510 283 2556 In
308 2508 512 2567 vultum,
541 2517 590 2558 et
614 2511 735 2559 tales
760 2513 968 2562 effundit
992 2523 1194 2576 pectore
1218 2532 1380 2564 voces,

223 2593 251 2614 ‘⁴
270 2588 525 2638 Distrahat
543 2607 574 2638 o
593 2591 781 2641 utinam
806 2605 1002 2644 nosmet
1016 2596 1084 2644 nil
1105 2596 1343 2645 distrahat
1363 2613 1580 2659 unquam
1605 2599 1639 2644 !”

219 2674 385 2734 Atque
410 2687 608 2734 precem
633 2673 821 2736 spirans
845 2677 1081 2726 humilem
1107 2678 1244 2726 dedit
1270 2694 1354 2726 ore
1380 2677 1557 2736 silenti,

223 2754 286 2800 Et
311 2761 533 2800 sanctum
562 2752 611 2800 in
637 2753 802 2818 lingua
826 2773 1010 2807 nomen
1035 2759 1298 2822 trepidavit
1326 2762 1454 2807 IeSU.

1252 2855 1297 2915 J.
1323 2855 1400 2912 R„
1435 2855 1571 2903 1861.
